1414 2333
202 532 221 562 5
228 532 246 563 5

200 827 242 858 60

198 1124 216 1154 (j
223 1124 241 1154 5

702 226 883 253 —44—

303 290 443 325 Fabula
461 290 542 326 sola
556 289 622 325 suit
642 289 754 324 fallax
775 295 810 325 et
829 291 955 336 opinio
975 290 1092 336 vulgi.

302 349 452 395 Imperii
478 353 515 384 at
536 353 733 395 postquam
753 349 907 384 Romani
922 349 1181 385 succubuisset

303 408 603 453 Consulibusque
622 418 707 443 suas
725 408 886 443 nesciret
905 409 1027 444 Iberia
1045 409 1156 454 vires,

299 469 448 503 Mantua
465 467 563 503 dieta
582 467 651 502 fuit
669 468 891 512 cognomine
910 469 1152 514 Carpentana:

298 527 491 573 Carpentis
509 527 647 561 etenim
667 537 811 561 meroes
830 527 1068 563 vehebantur
1086 527 1124 562 in
1143 527 1220 564 illa.

298 587 381 621 Haeo
399 585 548 620 fortuna
567 585 649 620 loeo
670 589 778 620 tantm
797 585 872 620 duo
892 586 1044 620 nomina
1063 585 1184 624 samm.

295 646 332 679 Si
354 645 465 680 modo
481 655 556 680 non
577 645 707 679 fallant
724 645 948 689 cognomina
969 645 1092 690 prisea
1110 645 1294 690 locorum,

296 704 476 750 Imposuit
493 715 580 739 eum
595 704 783 739 Romuleis
801 709 1035 749 premeretur
1052 704 1222 748 habenis,

296 766 385 806 Quae
404 767 487 809 post
504 763 680 809 expulsos
700 763 837 798 Gothos
857 768 996 798 mutata
1019 763 1207 799 videntur.

294 822 414 857 Mollis
432 822 549 857 Arabs
568 822 707 856 etenim
727 832 811 857 eum
832 822 932 857 bello
951 822 1071 859 vietor
1088 821 1236 857 adesset

296 882 526 926 Saeviretque
544 881 631 916 feris
645 885 807 918 vastator
825 882 974 916 Maurus
992 880 1030 916 in
1045 881 1169 925 armis,
1224 903 1226 905 >

295 943 339 975 Ut
356 940 513 976 Castella
532 940 665 975 dolens
683 940 817 986 Aphris
837 940 973 975 laniata
991 940 1134 975 leaenis

295 1000 489 1045 plangeret
508 1000 673 1044 exitium,
693 1000 848 1044 gentilia
868 999 1005 1045 gaudia
1025 999 1172 1044 tollens,

293 1059 490 1095 Madritum
511 1059 651 1094 dictum
672 1064 726 1094 est
740 1059 887 1104 vulgari
906 1059 1060 1094 nomine
1084 1058 1240 1099 Madrid.

294 1118 400 1161 Quod
420 1118 524 1153 loeus
544 1118 765 1164 exprimitur
784 1123 961 1154 ventosus
979 1122 1015 1153 et
1039 1118 1104 1152 aer
1119 1128 1312 1162 amoenus,

293 1179 386 1212 Nam
405 1177 555 1223 populis
570 1177 715 1212 confert
732 1181 866 1213 ventus
885 1176 1063 1223 spirando
1089 1177 1262 1214 salutem.

293 1237 329 1271 Si
348 1241 474 1272 tamen
493 1236 666 1271 Haebraeis
685 1236 722 1270 in
745 1236 879 1281 quovis
897 1236 1053 1271 eredere
1071 1235 1126 1271 fas
1144 1240 1209 1281 est,

292 1298 450 1342 Dempta
468 1306 496 1341 r,
515 1295 657 1332 servitii
676 1295 799 1330 Madid
817 1306 993 1330 mensura
1007 1300 1172 1340 vocatur,

293 1355 399 1398 Quod
422 1365 559 1390 nomen
578 1354 838 1390 describendae
857 1355 954 1390 bene
972 1355 1150 1391 convenit
1169 1354 1265 1400 urbi,

291 1417 383 1450 Nam
399 1415 494 1450 solet
515 1415 698 1451 inservire
717 1415 793 1450 suis
809 1414 957 1449 Ursaria
974 1424 1125 1461 semper

291 1475 463 1519 Regibus3
483 1474 571 1509 hine
590 1474 710 1509 Caroli
728 1474 904 1520 auspiciis
923 1478 1053 1509 ornata
1072 1484 1211 1509 corona
1228 1478 1294 1519 est,

291 1534 491 1578 Indigenas
508 1533 640 1568 merito
660 1533 881 1569 ostentando
900 1532 1013 1568 fuisse
1033 1533 1176 1568 fideles.

290 1595 319 1628 A
339 1595 466 1629 Mauro
485 1593 694 1628 Ranimirus
712 1603 794 1627 eam
815 1592 1067 1639 expugnando
1085 1597 1236 1639 potente

219 1732 277 1764 (6⁸3)
326 1732 378 1759 En
397 1731 521 1760 hebreo
538 1730 668 1759 middan
685 1730 842 1766 significa
862 1729 1042 1760 “mensura
1050 1752 1076 1766 7„
1099 1740 1122 1768 y
1135 1731 1288 1761 tambien
1307 1729 1385 1760 “tri-

171 1780 304 1815 butum,
324 1779 456 1808 scilieet
473 1787 552 1815 pars
571 1779 731 1807 demensa
745 1778 930 1815 pecuniae.„
