1408 2245
97 295 166 342 ²⁴¹5

605 239 646 244 -.
676 226 716 254 51
747 241 790 246 .-

216 291 310 326 Nam
327 290 444 336 gemit
458 290 570 326 Italus
583 295 620 326 et
638 292 845 326 Germanus
863 291 1100 337 vociferatur,

214 350 327 395 Belga
340 350 450 395 canit,
469 349 581 385 duras
602 360 714 386 voces
729 351 861 385 emittit
879 351 1020 388 lberuS.

214 412 275 446 Est
293 414 329 446 et
343 419 470 455 eques,
490 410 606 445 nostri
627 410 794 445 custodia
810 410 957 455 Belgica
976 411 1082 455 Regis

216 471 499 514 Germanusque
513 468 640 515 pedeS‚
656 469 720 514 qui
739 471 875 514 Regem
895 470 1008 514 cingit
1027 475 1189 507 euntem.

216 529 351 573 Regius
368 534 423 563 est
441 539 591 574 praeses,
608 538 769 574 persona
787 539 808 563 a
824 530 921 573 Rege
935 529 1111 567 sec-unda.

217 588 282 623 Cui
302 588 446 623 licitum
461 592 516 622 est
534 597 688 632 magnas
705 587 863 622 heroum
878 588 1084 632 infringere
1099 589 1211 624 vires.

217 646 275 682 Bis
292 651 379 682 sunt
392 651 474 681 octo
488 651 680 681 senatores
698 646 763 691 qui
776 647 857 680 iura
875 647 1089 691 gubernant

215 709 266 741 Ac
281 706 491 751 reprimunt·
507 716 638 740 omnes
652 706 765 750 agitat
783 716 876 750 quas
896 706 999 740 curia
1017 706 1111 740 lites.

215 764 439 800 Reddituum
452 774 591 810 praeses
605 765 703 799 bona
723 765 823 809 regia
838 770 961 800 servat
975 770 1010 799 et
1027 771 1148 809 auget,

217 822 354 858 Militiae
368 822 563 857 ordinibus
578 823 635 857 ius
650 827 894 858 conservatur
911 828 945 858 et
964 833 1113 868 {equum

215 881 390 917 Praesidio
410 882 506 925 tutis,
528 882 646 917 fasces
666 882 769 916 timet
791 882 897 916 India
915 882 1021 917 dives

217 941 385 977 Praesidis
402 941 554 986 Hispani
573 946 689 975 terras
709 940 937 975 moderantis
956 945 991 975 et
1010 941 1135 975 urbes.

214 1002 446 1044 Arragonum
467 1004 531 1044 est,
549 1000 673 1034 Sancti
689 999 822 1043 Officii,
838 999 1006 1044 bellique
1026 999 1183 1034 Senatus

215 1060 503 1104 Regnorumque
522 1064 655 1104 praeest
674 1069 831 1104 magnus
849 1059 987 1104 quibus
1001 1058 1081 1104 ipse
1099 1058 1293 1104 Philippus

215 1120 334 1163 Atque
352 1129 420 1153 suo
439 1118 602 1163 gaudent
622 1118 776 1153 humani
792 1117 951 1164 praeside
966 1117 1101 1162 Belgae.

216 1177 329 1212 Italize
349 1182 385 1212 tu
405 1187 521 1221 regna
539 1177 648 1222 regis,
668 1179 873 1221 Perenotte,
894 1182 1043 1211 tuorum

216 1236 341 1271 Gloria
358 1246 503 1271 summa
523 1241 682 1282 patrum,
702 1241 787 1271 sunt
806 1241 841 1271 et
860 1236 926 1270 tihi
944 1236 1106 1281 plurima
1126 1245 1238 1270 curan

216 1296 397 1337 Quattuor
413 1300 524 1340 atque
543 1295 625 1339 viri,
644 1295 775 1341 populi
793 1295 1011 1330 veneranda
1025 1299 1198 1340 potestas.

217 1354 410 1399 Fascigeri‚
428 1358 469 1389 vt
486 1355 613 1398 Reges,
633 1353 746 1388 simili
765 1354 835 1388 sub
854 1354 996 1388 honore
1017 1353 1195 1388 residunt.

218 1415 300 1448 lure
319 1412 421 1448 dedit
440 1414 513 1447 Rex
532 1412 590 1447 his
607 1417 737 1457 gentes
756 1413 904 1448 frenare
923 1413 1120 1458 superbas,

217 1471 413 1516 Castigare,
431 1471 563 1506 audire
581 1471 687 1506 dolos
705 1476 740 1506 et
759 1472 840 1506 iura
861 1471 999 1515 fovere,

217 1532 259 1565 Ut
277 1530 429 1576 quando
447 1530 553 1565 dubii
571 1529 695 1565 fremit
713 1531 961 1566 inconstantia
979 1530 1094 1574 vulgi,

217 1590 336 1631 Quem
351 1588 466 1624 neino'
480 1589 612 1624 sedare
631 1594 743 1635 queat
760 1589 840 1624 sine
857 1588 1017 1625 vindic-is
1034 1589 1098 1631 ira,

215 1647 369 1684 Illorum
387 1647 524 1683 faciant
541 1649 685 1684 animos
704 1649 900 1683 mitescere
917 1647 1078 1689 mulctis

145 1772 221 1805 (220)
271 1771 419 1810 Maymzs.
434 1772 494 1801 Ms.
509 1780 646 1810 maynes.
