1414 2333
131 852 196 885 300

131 1149 197 1181 305

251 316 319 352 Ille
335 317 419 352 ferit
437 321 573 352 terram
593 320 628 352 et
645 327 810 352 crassum
831 317 948 353 vomit
965 327 1029 353 ore
1048 327 1220 353 cruorem

251 377 403 421 Statque
422 376 518 410 inter
535 376 666 411 stultos
685 376 809 411 media
828 376 1054 412 furibundus
1070 376 1210 412 harena

250 438 301 471 Ac
317 440 492 470 manante
505 435 603 470 iubis
622 435 793 480 rictuque
813 440 847 470 et
867 435 1020 470 naribus
1039 435 1140 471 vnda

251 495 461 540 Sanguinis,
481 495 668 530 interdum
688 495 905 540 languentia
925 506 1117 530 murmura
1137 500 1295 541 torquet.

181 559 195 568 ''
249 554 402 589 Nullum
422 554 582 588 telorum
602 554 743 589 interea
762 559 882 589 cessat
900 564 1030 599 genus,
1049 565 1180 590 omnes

250 614 478 657 Exolamant,
498 613 613 649 hmret
631 614 737 649 lateri
756 613 905 649 lethalis
923 613 1078 649 arundo.

248 675 317 708 Dat
334 673 514 718 gemitum
536 678 673 717 taurus,
693 673 873 708 iuvenum
898 673 1114 708 stimulante
1132 677 1293 718 caterva,

248 735 367 777 Atque
386 732 508 777 ipsum
532 732 766 772 exhaustum,
787 742 937 767 cursum
957 732 1203 778 stimulosque
1221 736 1393 777 negatem

250 790 444 835 Occidunt,
464 790 581 836 aliqui
600 791 671 825 sibi
689 795 848 836 stuppea
866 791 1019 827 vincula
1036 791 1135 827 eollo

248 851 460 895 Imponunt,
476 848 682 893 funemque
700 859 814 883 manu
832 849 1048 894 contingere
1068 848 1244 893 gaudent.

249 909 418 943 Exoritur
433 908 651 953 clamorque
671 908 804 952 virum,
825 908 1055 953 clangorque
1073 908 1261 950 tubarunu

250 969 274 1002 E
295 977 427 1012 eampo
446 966 605 1001 trahitur
624 971 750 1001 taurus
769 976 881 1011 quem
902 966 1022 1001 ferrea
1040 966 1130 1001 texit

247 1027 419 1061 Telorum
437 1036 544 1070 seges
563 1030 597 1060 et
617 1025 748 1061 iaculis
767 1025 911 1060 occisus
929 1025 1060 1061 acutis.

250 1086 422 1130 Denique
441 1084 634 1119 nobilibus
653 1085 765 1129 longe
785 1084 954 1119 vibratur
967 1084 1124 1129 arundo,

250 1145 320 1188 Qui
341 1144 452 1180 simul
473 1144 705 1179 horrendum
725 1144 929 1179 clamorem
947 1144 994 1179 ad
1014 1144 1150 1191 sydera
1171 1143 1316 1189 tollunt,

248 1206 348 1240 More
367 1204 543 1248 Arabum,
562 1203 676 1238 celeri
695 1203 853 1238 nimium
872 1208 1046 1238 currente
1064 1203 1212 1239 caballo

248 1263 442 1310 Hesperio,
462 1263 635 1308 pulsante
656 1263 799 1298 crebris
817 1262 1026 1298 hinnitibus
1041 1263 1139 1308 aera,

246 1325 286 1358 Et
305 1323 394 1358 tuba
412 1323 612 1357 ‹ominis-os
630 1322 754 1357 medio
775 1322 874 1357 canit
891 1332 1027 1367 aggere
1049 1321 1172 1357 ludos.

248 1382 317 1417 Uni
335 1382 467 1417 ineunt
485 1392 637 1416 cursum
657 1381 817 1416 redeunt
834 1381 974 1426 aliique
988 1391 1195 1422 reoursum;

248 1444 276 1477 Α
295 1441 428 1487 quovis
445 1441 606 1476 stridens
624 1451 692 1486 per
710 1441 841 1475 nubila
860 1440 977 1475 fertur
995 1440 1152 1483 arundo,

249 1504 338 1544 Quae
356 1501 485 1537 volitat
505 1500 626 1536 ventis
645 1505 681 1535 et
699 1499 867 1535 fulminis
885 1499 988 1535 ocius
1011 1499 1091 1534 alis.

249 1559 475 1604 Magnanimi
494 1559 639 1603 hero’e's,
658 1558 765 1605 pueri
784 1559 1026 1605 innuptaeque
1044 1558 1182 1604 puellm

247 1619 421 1665 Undique
439 1623 650 1665 spectantes
669 1618 817 1665 replent
834 1618 999 1654 clamore
1016 1617 1208 1653 fenestras.

176 1756 251 1789 (299,
303 1754 458 1795 Suppes.
478 1756 540 1784 ΜΞ.
561 1756 686 1794 slttpea.

177 1806 253 1838 (1511)
308 1804 414 1834 chas.
431 1805 490 1833 ΜΞ.
511 1803 604 1833 otim.
