1408 2245
541 188 725 217 „37—

207 254 343 291 virtute
361 252 583 299 dependeat.
609 254 748 287 Omnes
766 252 865 286 enim
887 262 1004 286 unum
1024 257 1060 287 et

206 314 307 364 idem
325 312 505 349 nascendi
523 312 708 347 habemus
732 311 892 352 initium;
913 311 960 345 ab
984 322 1059 346 uno

206 383 337 408 omnes
362 376 467 418 patre
487 371 566 415 sati,
595 381 669 406 nou
695 370 869 415 estquod
889 371 972 415 quis
1001 381 1060 405 no-

207 432 389 467 bilitatem
415 431 454 465 in
479 430 660 465 maiorum
687 430 863 475 opinione
892 429 1061 474 collocet,

207 501 277 526 nec
303 490 350 525 ad
375 500 505 525 eorum
536 500 596 524 res
625 489 797 533 eximias,
823 493 885 523 aut
911 489 1062 533 egregia

207 551 297 586 duni
316 551 487 586 viverent
511 549 618 593 facta,
645 549 782 593 quibus
808 548 971 593 primum
1003 559 1062 582 no-

209 609 332 644 bilitas
349 613 454 655 parta
480 613 544 643 est:
572 607 697 642 audiat
722 607 844 652 potius
868 608 1061 651 Senecam,

207 667 475 714 philosophum
493 666 769 712 gravissimum,
794 666 832 701 in
851 665 995 701 Hercule
1011 667 1062 710 su-

207 728 313 763 renti:

277 821 348 852 Non
364 823 471 852 vetera
483 820 595 856 patriae
608 820 679 851 iura
692 820 836 855 possideo
848 820 960 850 (lomus

244 862 382 898 Ignavus
396 863 506 893 haeres.
522 862 644 892 nobiles
656 872 719 892 non
733 865 808 892 sunt
823 861 905 891 mihi

243 904 315 939 Avi,
331 914 387 935 nec
401 903 477 934 altis
490 903 646 937 inclytum
660 902 766 932 titulis
777 912 887 936 genus,

244 945 305 976 Sed
320 946 405 976 clara.
423 945 538 975 virtus:
553 944 607 979 qui
621 954 720 979 genus
734 944 833 974 iactat
853 954 956 977 suum,

245 987 359 1018 Aliena
382 987 492 1017 iactat.

259 1086 426 1127 Quorum
445 1087 479 1117 et
503 1081 723 1116 Plutarchus
748 1090 902 1124 memor,
933 1079 1064 1124 inquit:

214 1145 434 1179 «Venatoros
465 1151 650 1176 summam
688 1139 870 1175 adhibere
911 1139 1066 1183 diligen-

212 1203 312 1246 tiam,
332 1211 407 1236 non
422 1205 462 1235 ut
475 1205 579 1235 natos
595 1210 640 1235 ex
655 1199 859 1244 generosis,
874 1198 940 1233 sod
959 1208 1069 1243 gene-

212 1271 316 1297 rosos
334 1271 446 1296 canes
470 1259 667 1294 habeant.»
690 1258 842 1304 Propria
868 1258 980 1302 igitur
997 1257 1067 1293 vir-

213 1325 271 1356 tus
289 1330 334 1355 ex
357 1319 613 1354 doctrinarum
639 1317 794 1352 scientia
820 1322 856 1352 et
885 1317 1066 1353 virtutum

211 1379 359 1415 actione
371 1377 556 1423 adquisita
571 1376 607 1411 in
621 1376 749 1422 precio
765 1376 882 1420 magis
892 1374 1068 1410 habenda

213 1443 278 1474 est:
297 1438 385 1483 quia
398 1446 625 1483 proavorum
641 1435 753 1470 etiam
774 1435 1007 1470 nobilitatem
1022 1444 1068 1469 ex

213 1507 397 1543 generoso
426 1496 610 1540 sanguine
640 1499 783 1541 partam
817 1494 940 1529 reddit
969 1494 1070 1528 illus-

214 1557 380 1594 triorem.
400 1555 472 1590 Sed
491 1555 538 1590 ad
569 1565 648 1589 rem
669 1554 879 1589 redeamus.
909 1553 1070 1588 Yidebor

215 1617 309 1652 forte
332 1615 446 1651 alicui
476 1614 673 1658 molestus,
709 1613 895 1648 Ciceronis
929 1612 1070 1647 dictum

216 1675 308 1710 mihi
326 1674 531 1718 obiectum,
549 1683 624 1708 non
641 1677 813 1718 oportere
828 1671 1070 1717 peregrinum

218 1739 254 1770 et
277 1733 464 1771 advenam
483 1733 520 1768 in
540 1733 662 1768 aliena
684 1732 879 1780 republica
910 1741 990 1766 esse
1013 1740 1071 1766 cu-
