1408 2245
47 825 113 860 460

46 1119 113 1154 465

45 1413 111 1448 470

556 239 597 243 —
627 226 665 252 cl
699 240 738 243 ⁷—

163 292 204 327 Et
220 290 336 327 decus
355 295 391 326 et
409 290 702 335 niveissxictoria
722 291 898 326 concolor
916 290 995 334 alis,

163 352 257 386 Nam
276 355 310 385 te
329 350 442 394 digna
461 354 586 384 manet
604 349 722 384 (livini
740 350 859 394 gloria
879 350 984 384 ruris.

164 410 312 444 Mantua
330 410 573 454 Carpentana,
594 412 653 442 tua
674 419 732 442 nio
752 419 858 453 passa
877 409 947 443 sub
967 418 1056 443 aura

166 470 207 504 Et
223 468 364 515 primos
381 467 471 502 olim
491 467 624 501 fautrix
646 467 817 501 miserata
836 467 996 511 labores,

166 527 302 573 Accipe
320 526 419 572 quod
438 526 573 561 cecinit
591 526 692 560 tenui
711 526 776 560 tibi
797 527 962 560 carmine
984 526 1105 570 Belga,

165 589 365 632 Ignoscens
384 586 495 621 etiam
513 586 543 620 si
562 596 644 630 quie
662 585 753 619 rnihi
775 590 920 630 teinpus
941 585 1090 628 ademit,

164 647 284 688 Quem
302 655 377 680 non
396 645 568 691 poenituit
586 649 728 679 tantum
746 645 846 679 hunc
865 645 1023 679 subiisse
1042 644 1222 687 laborem,

164 705 240 740 Nec
259 709 320 739 tua
338 709 373 739 te
390 708 526 750 praeter
544 704 680 738 chartis
698 704 865 738 intexere
884 704 1082 748 quisquam

164 765 270 799 Facta
288 768 408 810 potest
426 763 534 798 dictis
554 767 591 797 ut
612 773 686 797 non
706 763 847 797 maiora
865 763 1062 808 supersint.

164 825 205 858 Et
223 833 321 859 nova
339 833 425 858 cum
444 823 558 857 fueris
579 828 651 857 tarn
671 823 782 867 longo
806 827 973 867 tempore
992 822 1129 867 planta,

163 881 275 916 Existi
292 881 338 916 ad
358 882 506 925 coelum,
528 886 568 916 ut
588 882 700 916 ramis
719 881 905 916 foelicibus
926 881 1048 925 arbor,

163 941 417 986 Miranturque
436 951 552 977 novas
570 941 768 986 praesentia
787 942 914 976 secula
933 941 1095 976 frondes.

163 1001 303 1036 Cuncta
323 1001 434 1035 trahit
453 1011 580 1036 secum
601 1001 787 1046 vertitque
806 1001 976 1038 volubile
995 1006 1151 1047 tempuS,

162 1060 225 1094 Ast
243 1059 358 1094 decus
377 1059 574 1094 inmortale
592 1064 750 1105 patrum,
770 1071 863 1105 quos
883 1071 1049 1106 purpura
1069 1060 1188 1104 vestit,

165 1118 346 1153 Cardineo
364 1118 525 1153 Anthoni
546 1120 739 1154 Perenotte
757 1124 885 1154 ornate
903 1119 1041 1164 galero,

163 1179 263 1212 Dura
278 1177 404 1212 Thalia
425 1183 502 1212 tuas
521 1178 551 1212 si
569 1178 663 1212 forte
684 1178 885 1213 offenderit
901 1189 1022 1223 aures,

162 1237 300 1270 Durato
318 1235 466 1280 durum,
486 1235 539 1270 fas
559 1241 624 1281 est,
644 1237 838 1281 ignoscere
857 1247 977 1283 passo,

162 1296 253 1329 Cum
274 1295 401 1340 patriae
420 1295 513 1330 fines
533 1299 568 1330 et
588 1295 714 1330 dulcia
732 1296 883 1340 liquerit
902 1307 1001 1332 arva.

162 1354 251 1388 Sum
269 1353 536 1398 quodcumque
556 1358 671 1398 tuum,
691 1355 806 1390 nostri
824 1355 870 1389 sit
887 1355 1044 1401 parvula
1061 1366 1150 1390 cura

163 1413 204 1446 Et
221 1411 312 1447 dare
329 1411 429 1457 quod
452 1412 555 1458 potui
573 1413 784 1448 confectum
806 1414 971 1449 carmine
990 1425 1126 1449 munus

161 1471 298 1505 Doctus
316 1470 426 1515 habe,
445 1470 547 1505 foelix
567 1475 602 1506 et
620 1476 767 1517 tempus
785 1472 823 1506 in
843 1482 954 1507 omne
973 1473 1107 1509 valeto.

303 1604 459 1638 ,llantuce
478 1604 709 1650 Carpentance
726 1604 965 1650 descriptionis
980 1604 1068 1651 finis.
