1408 2245
113 290 181 324 265

122 1174 187 1206 280

617 237 658 240 ,,.
688 220 729 249 53
758 236 798 240 Ἀ

233 287 392 331 Mantua,
412 286 600 321 Musarum
620 286 765 331 domus,
786 297 903 331 usquc
922 287 967 320 ad
988 287 1123 333 sydera
1144 290 1240 326 nota,

235 345 354 380 Prima
374 345 586 380 rudimenta
605 350 639 379 et
658 345 784 390 pueris
802 349 897 379 nova
918 345 1058 379 fercula
1078 346 1261 390 lambens

233 404 304 447 Qui
319 409 401 450 post
418 403 656 449 Complutum
675 408 738 438 aut
755 404 980 438 salmantica
1000 404 1147 447 m‹1=nia,
1167 404 1282 438 musis

232 465 350 503 Grata,
369 462 495 498 fovent
515 467 551 497 et
564 462 695 496 limina
712 462 886 507 Apolline
905 462 1033 497 dextra
1053 463 1303 507 frequentant.

234 523 392 556 Utuntur
409 521 547 556 lectore
566 520 736 555 Johanne
752 520 912 566 Lupecio
930 521 977 555 ab
997 521 1115 565 Hoios,

234 581 410 616 Doctrina
429 580 576 624 insigni,
595 590 707 624 quem
728 580 863 624 pagina
882 590 985 614 sacra
1005 580 1220 624 magistrum

236 640 345 684 Fecit,
363 645 399 674 et
418 640 455 674 in
469 639 610 685 populo
629 640 767 684 sparg't
788 638 848 684 pia
866 638 1039 683 dogmata
1057 638 1202 673 Christi.

238 699 429 734 Nobilium
450 698 595 744 prolem
613 697 810 732 Theatinus
825 697 966 741 ubique
985 697 1164 742 locorum,

236 757 274 792 Si
292 757 404 793 modo
424 767 498 792 non
518 757 638 799 fallor,
659 756 827 791 doctrina
846 761 879 790 et
899 756 1066 790 moribus
1085 761 1202 791 ornat.

238 817 465 863 Conspicuas
484 820 653 862 spectare
668 815 801 850 domus
821 814 868 849 dc
887 825 1073 849 marmore
1091 819 1247 850 structas

168 881 182 889 ”
236 878 465 920 Auratasque
484 875 607 909 trabes
626 874 662 908 in
684 873 802 908 multa
821 878 924 919 parte
943 873 1080 908 licebit.

240 935 419 969 Mirantur
437 934 575 969 molem
594 933 757 978 Hispani,
775 933 937 978 magalia
955 932 1157 977 quondam,

238 994 417 1029 Mirantur
435 997 559 1039 portas
579 992 851 1038 strepitumque
870 998 905 1027 et
923 997 1034 1027 strata
1054 992 1200 1029 viarum

236 1055 406 1098 Namque
424 1052 503 1087 hoec
524 1057 666 1087 tantum
685 1051 776 1086 alias
795 1051 890 1086 inter
909 1056 1020 1097 caput
1039 1051 1169 1086 extulit
1188 1051 1300 1086 urbes

237 1114 425 1156 Quantum
440 1112 540 1146 lenta
559 1111 680 1146 solent
695 1111 792 1145 inter
809 1111 970 1146 viburna
989 1111 1167 1156 cupressi.

237 1171 344 1206 Addo
361 1170 496 1215 forum,
515 1170 552 1204 in
571 1180 645 1215 quo
664 1174 716 1204 tot
733 1169 974 1204 celebrantur
991 1169 1083 1204 festa
1100 1171 1310 1215 quotannis,

237 1230 379 1276 Saepius
397 1229 458 1264 hic
476 1233 603 1264 taurus
618 1228 702 1263 ferit
720 1228 826 1263 uncis
844 1228 1021 1263 cornibus
1039 1228 1184 1264 hostem

235 1292 355 1335 Atque
371 1288 500 1324 furens
517 1288 642 1323 animo
661 1287 866 1332 mugitibus
885 1288 1024 1322 aethera
1042 1288 1175 1334 replet.

236 1350 357 1385 Turba
375 1348 553 1393 frequens
572 1347 690 1392 credit,
710 1347 832 1393 primo
847 1347 930 1382 loca
948 1352 1024 1382 tuta
1038 1347 1233 1393 requirens

239 1411 398 1454 Moxque
416 1407 513 1443 redit
532 1407 774 1451 iaculumque
793 1407 831 1441 in
851 1411 997 1441 taurum
1018 1411 1162 1452 torquet
1178 1412 1339 1443 acutum.

170 1474 185 1482 ''
240 1468 306 1504 ille
324 1467 415 1514 petit
432 1477 549 1502 cornu
568 1471 603 1501 et
620 1465 781 1512 pedibus
800 1466 980 1512 dispergit
993 1466 1184 1511 harenam,

238 1527 444 1563 Et'fundens
462 1525 589 1573 patulo
607 1530 845 1572 spumantem
864 1536 908 1560 ex
927 1536 991 1561 ore
1009 1536 1192 1567 cruorem;

238 1586 398 1623 Perfurit
415 1586 489 1621 huc
503 1585 594 1621 illuc
612 1585 763 1630 iamque
778 1585 878 1620 hunc
896 1585 1100 1631 pessundat
1119 1590 1154 1620 et
1170 1585 1277 1620 illum

239 1646 434 1691 Cornibus,
453 1649 489 1681 et
507 1645 638 1692 populi
657 1645 798 1680 circum
814 1645 978 1680 clamore
992 1645 1186 1680 resultant.

242 1708 284 1742 Et
301 1716 403 1742 nunc
421 1711 525 1750 terga
542 1705 638 1749 fugae
657 1704 847 1749 mandant,
863 1715 964 1740 nunc
982 1705 1126 1750 spicula
1145 1710 1301 1742 verrunt

239 1767 517 1811 Miscenturque
536 1764 649 1799 simul
670 1774 860 1808 moerores,
879 1763 1025 1809 gaudia,
1046 1764 1212 1810 plausus.
