1414 2333
134 701 200 735 245

134 1000 202 1032 250

251 343 358 377 Facta
376 342 561 377 malorum
581 341 776 376 hominum
797 342 930 377 vinclis
949 347 984 377 et
1002 352 1152 378 carcere
1171 342 1341 378 frenant.·

252 403 323 437 Hos
342 401 506 448 pupulus
525 404 632 437 vocat
652 401 810 446 alealtles,
831 407 865 437 et
884 402 1042 447 quilibet
1063 402 1196 438 horum

253 462 438 496 Lictorum
452 460 630 506 gregibus
649 461 790 496 circuni
810 472 849 495 se
868 462 977 507 stipat
991 467 1155 497 euntem.

250 522 309 555 Est
328 525 361 554 et
382 524 580 563 corrector,
600 519 717 554 tribus
735 520 842 555 annis
865 521 1017 555 nomine
1035 521 1217 566 gaudens,

250 579 319 622 Qui
339 584 449 625 eaput
469 584 524 614 est
542 579 645 614 vrbis
664 580 768 614 iubet
786 584 819 614 et
839 580 1047 614 rectoribus
1066 580 1158 622 eius;

252 640 316 674 Hie
334 640 505 675 clausum
524 639 598 675 lato
617 639 789 685 patefecit
810 639 940 673 limine
955 649 1143 684 eampum,

253 698 438 733 Exstruxit
455 697 585 738 fontes,
606 698 768 743 aequavit
785 703 897 733 strata
915 698 1081 741 viarum,

252 758 377 793 Intulit
397 759 433 793 in
453 760 557 793 Prato
577 763 792 793 nascentem
812 769 854 793 ex
875 758 1010 793 arbore
1029 757 1208 803 plantam,

251 817 483 864 Pauperibus
501 817 632 852 struxit
651 817 839 861 generale,
858 817 1007 854 volente
1025 818 1176 854 Senatu.

253 877 472 922 Hospitium3
493 887 537 911 ex
556 881 642 913 voto
660 877 833 921 quamvis
853 887 927 911 non
946 881 1078 911 cuncta
1096 875 1294 920 gubernet,

252 937 344 971 Nam
365 946 459 981 puer
474 936 622 970 auditor
640 936 834 981 pueriliter
852 936 977 971 omnia
996 939 1136 979 tractat,

253 997 346 1040 Post,
366 1006 486 1032 vanus
504 996 674 1039 nimium,
693 1006 838 1041 ponens
857 995 1063 1031 victoribus
1081 995 1200 1039 ignes,

253 1055 362 1091 Victis
376 1056 415 1090 in
433 1055 568 1101 pelago
588 1055 702 1090 Gallis
722 1056 930 1100 mersisque
949 1055 1020 1090 sub
1039 1054 1161 1099 undis,

253 1115 448 1159 Egregiam
468 1114 633 1149 incendit
653 1119 810 1160 portam,
830 1115 889 1149 eui
909 1116 1064 1149 Carraca
1081 1123 1232 1154 nomem

252 1176 422 1209 Attamen
441 1173 645 1218 excellens,
665 1174 852 1209 studiosus
873 1178 907 1208 et
926 1173 1030 1209 vrbis
1048 1173 1204 1208 amicus.

254 1235 449 1268 Luctantes
468 1233 640 1267 homines
654 1234 781 1269 verbis
801 1233 877 1268 sera
895 1237 1046 1278 pec-tora
1061 1232 1212 1276 mulcet,

254 1292 372 1338 Impia
389 1302 459 1327 nee
479 1292 629 1337 reprobi
648 1292 817 1337 sequitur
830 1292 987 1336 vestigia
1004 1291 1122 1336 vulgi.

257 1352 418 1387 Lictores
436 1351 551 1386 habet
567 1351 683 1386 elatos
702 1352 848 1386 Ursaria
864 1351 1012 1395 inultos,

257 1413 357 1454 Quos
373 1410 572 1457 alyuaziles‚
591 1412 790 1445 Poenorum
807 1421 910 1451 voce,
928 1421 1119 1447 vocamus.

256 1470 298 1504 Hi
316 1470 397 1504 sine
415 1469 552 1504 delicto
571 1469 724 1514 quosvis
742 1469 779 1503 in
799 1480 949 1505 carcere
967 1469 1121 1505 trudunt

254 1531 502 1573 Incautosque
520 1533 708 1574 premunt,
727 1528 852 1563 venali
870 1528 969 1564 fasce
983 1528 1150 1575 superbi.

257 1589 349 1623 Sunt
368 1588 440 1623 viri
459 1592 494 1622 et
513 1588 653 1622 insanie
677 1587 900 1623 meditantes
918 1588 1037 1632 iurgia
1055 1588 1205 1633 lingum,

255 1647 380 1682 Cuiuis
400 1647 611 1693 proebentes
628 1658 719 1682 auro
737 1647 887 1683 venalia
907 1648 998 1688 iura;

255 1709 295 1742 Et
313 1707 446 1742 scriba>
464 1706 536 1742 hoc
554 1706 707 1751 faciunt,
720 1706 765 1741 ad
786 1717 944 1742 munera
964 1706 1218 1753 respicientes,

254 1765 430 1801 Officium
449 1776 608 1811 quorum
628 1765 790 1811 pretioso
809 1765 985 1802 venditur
1002 1776 1105 1801 auro.

254 1828 294 1862 In
311 1824 444 1860 studiis
463 1835 642 1870 magnum
663 1830 831 1861 remanet
850 1825 927 1870 tibi,
945 1826 1104 1870 Mantua,
1129 1835 1278 1861 nomen.
