1408 2245
0 0 13 160 ’,ιη-ι’.-

125 328 192 361 315

122 1213 188 1246 330

121 1508 189 1541 335

637 216 679 219 -
707 212 748 229 0„
778 215 819 219 ψ

244 266 303 300 Bis
322 265 469 310 triginta
487 265 586 299 aedes
606 265 701 299 intra
719 271 781 300 tua
800 266 938 301 moenia
957 270 1102 312 spec-tas

243 324 433 359 Nobilium
453 323 647 359 haeredum
666 325 829 359 nummis
847 330 881 359 et
901 329 1095 359 stemmate
1118 325 1249 367 claras,

242 387 303 430 Tu,
321 396 440 430 genus
459 395 545 420 acre
564 385 698 430 virum,
719 386 907 420 Guevaras
925 390 1036 430 atque
1055 388 1219 431 (Japatas

243 445 391 479 Erassos
408 443 532 488 simul,
551 445 725 478 Herreras
742 445 946 489 Torresque
965 444 1111 479 dedisti.

244 503 448 538 Nobilitant
465 504 613 548 vargas,
635 503 673 538 in
692 508 727 537 te
746 503 940 547 Mendog-ia
958 503 1067 549 stirps
1086 508 1150 548 est,

245 562 357 597 Cuius
375 562 470 598 facta
492 567 617 608 patent
635 562 673 597 in
692 562 793 597 omni
811 562 958 607 cognita
979 562 1129 597 mundo.

244 621 434 667 Temporis
454 625 509 656 ast
528 621 710 656 brevitate
728 621 819 655 mihi
838 621 1027 656 reticenda
1044 621 1230 665 videntur,

244 681 298 714 Ne
317 679 475 715 nimium
495 679 625 715 videar
642 680 838 715 stultorum
858 691 961 715 more
980 680 1172 716 molestus,

243 738 387 773 Sufficit
404 738 615 783 ignivomos
633 738 732 783 quod
749 744 927 774 monstret
946 740 1093 774 Mantua
1114 750 1250 774 muros:

246 797 420 842 Marchio,
439 797 526 842 dux,
544 808 670 832 eomes
689 803 753 842 est,
773 803 825 833 est
845 798 981 833 nobilis
1001 798 1092 833 ordo
1110 799 1288 834 virorum.

244 857 305 891 Est
321 867 436 901 eques
454 861 608 901 argento
627 862 820 892 contextus
840 862 935 892 totus
954 862 987 892 et
1007 868 1109 901 auro,

241 916 456 961 Spectatum
473 915 629 952 veniens
648 916 793 960 regales
811 921 896 951 ante
916 916 1109 951 fenestras.

241 976 386 1011 Plaudit
404 986 533 1020 ovans,
552 975 716 1010 celerem
735 986 887 1011 cursum
909 976 1068 1011 faciente
1086 976 1243 1019 caballo,

240 1036 309 1070 Dat
327 1035 500 1070 manibus
519 1035 668 1079 signum
687 1036 946 1080 Veneremque
962 1035 1121 1070 ostendit
1140 1040 1280 1069 amatae.

241 1093 476 1129 Gemmiferae
496 1093 760 1129 heroumsunt
778 1094 886 1138 Regis
904 1094 942 1128 in
961 1104 1047 1129 aree
1066 1094 1213 1140 puellze,

239 1154 328 1194 Qute
346 1152 417 1187 sibi
438 1152 580 1187 fucatos
598 1156 733 1186 norunt
753 1151 935 1186 adhibere
954 1152 1098 1187 colores

240 1212 280 1245 Et
299 1211 410 1246 niveo
430 1210 591 1245 retinent
608 1221 742 1244 aurum
760 1215 872 1255 atque
891 1210 1044 1245 monilia
1064 1211 1173 1246 collo.

239 1270 400 1305 Faemina
419 1269 622 1305 multorum
641 1269 755 1304 titulis
777 1269 931 1304 illustris
949 1280 1118 1314 avorum,

240 1330 359 1372 Quam
377 1329 500 1374 pudor
519 1334 553 1363 et
571 1328 737 1374 probitas
757 1329 923 1373 castique
942 1328 1123 1363 modestia
1141 1328 1277 1371 vultus,

238 1389 321 1433 Ipsa
339 1388 450 1422 etiam
468 1388 586 1424 virtus
605 1392 710 1422 ornat
729 1398 928 1432 moresque
946 1387 1085 1433 pudici,

240 1447 479 1491 Cornigeram
498 1446 632 1481 attollit
648 1446 827 1491 genitoris
849 1447 1012 1491 imagine
1031 1446 1190 1481 frontem

238 1506 279 1540 Et
295 1504 381 1540 facit
399 1515 420 1540 e
438 1505 544 1550 nigro
564 1515 715 1540 manare
736 1510 926 1550 unguenta
945 1505 1081 1551 capillo

238 1565 406 1609 Cumque
425 1563 505 1599 hzee
524 1564 773 1610 progreditur,
792 1574 927 1608 magna
945 1565 1076 1610 stipata
1095 1569 1254 1608 caterva,

237 1627 436 1669 Argentata
452 1634 539 1659 suos
558 1628 691 1659 ornant
709 1623 879 1658 sandalia
898 1624 992 1659 talo³

166 1748 244 1784 (322)
293 1749 400 1778 Vease
418 1749 451 1778 la
469 1751 552 1778 nota
571 1749 603 1778 al
621 1758 718 1778 verso
738 1750 806 1779 180.
