1408 2245
86 349 105 381 08

61 643 104 675 80

59 1232 103 1265 90

59 1528 102 1560 95

154 284 294 322 Tertius
312 285 483 328 obtinuit,
503 290 537 320 et
556 285 813 320 Christicolum
839 285 963 321 intulit
982 284 1077 322 urbi.

156 345 193 380 Si
214 355 340 380 roseos
354 344 434 379 eius
451 344 588 379 Phoebi
608 345 817 390 respexeris
836 349 948 389 ortus,

154 403 348 449 Multiplici
367 403 404 437 in
420 403 549 448 primis
568 402 681 437 habet
699 403 834 437 arbore
853 404 993 438 consita
1012 409 1126 450 prata,

155 464 309 497 Tantum
322 462 435 497 chara
453 462 524 496 sibi
544 467 725 506 quantum
745 472 812 497 sua
831 462 907 497 filia
927 463 1046 506 matri,

153 523 223 556 Aut
241 526 422 566 quantum
443 520 580 566 cupido
606 520 769 555 formosa
787 521 915 566 puella
933 522 1076 559 marito,

154 580 219 616 Hic
236 585 404 616 veterem
423 580 461 614 in
479 585 609 625 stagno
629 579 816 625 depromit
833 591 923 615 rana
937 581 1131 626 querelam

155 640 197 674 Et
215 649 342 684 regem
357 639 449 685 petit
465 649 486 673 a
499 640 592 674 Jove
610 649 723 674 rauca
742 649 835 675 voce
854 650 1028 676 coaxans.

154 698 332 732 Fontibus
350 702 386 732 et
400 697 490 732 rivis
508 702 651 732 constat
668 698 730 733 via
749 697 862 742 digna
878 698 1000 734 videri

154 758 195 792 Et
213 756 346 791 merito
363 756 495 790 Veneri
513 766 619 791 sacer
637 761 690 790 est
710 761 745 791 et
769 756 960 792 amoribus
980 762 1099 802 aptus,

154 818 271 862 Aptus
285 815 468 850 adulterio
485 819 520 849 et
545 815 740 861 plantandi
765 826 906 850 cornua
924 826 1093 861 campus,

153 875 218 910 Hic
238 885 374 922 procus
392 874 612 909 ambitiosus
631 875 746 919 adest,
766 875 895 921 inupta
913 876 1039 920 puella

155 935 369 981 Spectatum
387 934 491 970 venit
508 934 580 979 hic,
598 933 701 970 venit
720 940 754 969 et
773 939 961 980 spectetur
980 940 1015 970 ut
1031 936 1110 981 ipsa

154 994 195 1028 Et
212 993 306 1038 fugit
324 993 371 1028 ad
390 994 523 1029 salices
541 999 577 1028 et
593 1004 633 1029 se
652 994 754 1040 cupit
772 999 856 1029 ante
876 995 1009 1039 videri,

156 1052 389 1088 Gaudentem
408 1053 445 1087 in
466 1052 558 1088 festo
578 1053 679 1088 iuvat
696 1052 894 1097 indulgere
912 1053 1080 1097 choraeis‚

154 1112 359 1147 Luxuriosa
378 1112 511 1147 cohors
530 1112 723 1156 iuvenum,
743 1122 836 1157 quas
854 1112 985 1148 fallere
1000 1117 1125 1157 tentat,

154 1171 300 1216 Invitat,
319 1171 478 1217 spondet
497 1171 663 1216 perfecta
679 1171 800 1206 fronte
818 1171 977 1217 puellas.

155 1230 248 1274 (Non
263 1229 354 1264 mihi
373 1239 463 1265 vera
481 1229 584 1274 loqui
604 1229 728 1275 pudor
745 1234 813 1274 est,
833 1240 903 1265 nec
920 1240 1010 1266 vera
1029 1229 1161 1273 faterij.

153 1289 316 1334 Corpora
328 1288 399 1323 sub
418 1288 531 1323 ramis
549 1288 743 1334 deponunt
757 1288 912 1333 arboris,
932 1294 1043 1334 atque

154 1347 384 1382 Instituendo
403 1347 519 1393 dapes
538 1347 701 1382 fundunt
719 1358 786 1382 sua
804 1348 893 1383 vina
910 1358 979 1394 per
997 1348 1146 1387 herbas,

153 1408 224 1441 Aut
236 1417 393 1442 coenam
410 1411 472 1441 aut
489 1407 620 1452 epulas
639 1406 769 1451 regina
785 1407 946 1452 pecunia
965 1407 1090 1444 donat.

153 1466 311 1501 Laetatur
327 1466 446 1511 virgo,
464 1465 648 1501 suadente
666 1465 860 1511 Cupidine,
878 1477 961 1511 quae
981 1472 1064 1512 post

152 1525 305 1561 Accedit
320 1525 459 1571 patrios
476 1525 557 1560 sine
575 1524 789 1570 virginitate
808 1530 976 1570 penates.

154 1585 313 1621 Faemina
333 1589 451 1630 nupta
469 1594 536 1619 suo
549 1583 616 1619 sed
638 1593 712 1618 non
728 1588 902 1619 contenta
920 1584 1052 1620 marito

153 1645 268 1679 Nocte
284 1654 398 1690 super
416 1648 585 1678 tenerum
604 1643 804 1688 prosternit
821 1643 991 1687 gramine
1010 1653 1157 1690 corpuS,

153 1703 286 1739 Libera
304 1703 541 1749 simplicibus
559 1702 658 1737 curis
677 1701 815 1738 furtiva
833 1703 989 1747 requirit

147 1761 306 1807 Gaudia,
326 1762 470 1798 venalis
489 1761 608 1797 forma
627 1766 682 1796 est
699 1772 912 1808 corpusque
931 1762 1129 1808 pudorque
