1414 2333
634 265 676 269 „-
707 251 748 278 3ss
779 265 820 269 ,Α

298 315 410 360 gestis
432 315 608 350 nobilitas
630 326 649 349 a
674 326 734 349 ine
759 315 912 359 exigunt
932 320 970 350 ut
1000 324 1153 350 carmen

300 374 382 419 hoe,
401 374 679 419 qualecumque
699 378 764 419 est,
785 374 851 409 tibi
877 375 1018 420 optimo
1045 379 1081 410 et
1104 379 1155 410 tot

299 433 543 478 dignitatibus
578 433 814 468 ornatissimo
860 434 958 478 viro,
995 444 1154 480 syncere

299 503 570 538 nuneuparem3
590 503 664 528 non
680 492 779 537 quod
801 497 927 538 putem
942 493 1074 528 eodem
1092 493 1153 528 ali-

298 552 389 597 quid
425 552 637 598 splendoris
671 551 810 586 addere
845 551 932 596 tibi,
963 552 1027 596 qui
1059 552 1155 586 inter

299 621 430 645 omnes
448 610 653 656 provinc-ize
673 610 831 653 Belgicae
857 609 990 644 heroes
1014 609 1063 644 ita
1081 620 1155 644 oin-

299 670 411 704 nibus
430 670 598 714 fortunm,
617 670 783 715 eorporis
810 673 845 703 et
871 668 985 703 animi
1005 668 1156 703 dotibus

300 729 559 764 ornatissimus
579 729 723 764 eaeteris
741 733 905 774 praestas,
925 732 961 762 ut
981 728 1074 763 alios
1093 738 1155 774 po-

300 789 371 823 tius
401 789 589 823 illustrare
624 799 750 833 queas.
772 790 834 822 Tot
863 788 963 822 enirn
997 787 1156 832 egregia*v

299 852 370 881 tute
398 847 498 882 domi
518 851 553 881 et
585 846 673 881 foris
701 857 759 881 res
784 850 907 891 gestie,
931 850 966 880 et
995 846 1157 881 maxima

300 906 338 940 in
357 906 401 941 iis
420 910 616 952 perspecta
635 905 728 940 fides
743 910 778 940 et
796 905 1035 942 observantia
1053 916 1157 940 num-

300 977 412 1011 quam
424 970 507 1000 sunt
526 965 823 1000 intermoriturae:
840 965 936 1001 inter
947 975 1050 1010 quas,
1065 965 1157 1000 duas

302 1026 473 1065 maxime,
495 1024 750 1059 doctrinarum
771 1024 1023 1068 cognitionem
1046 1024 1156 1059 virtu-

301 1089 458 1129 tumque
476 1083 662 1118 actionem
679 1083 744 1117 tibi
759 1082 1065 1117 administrandae
1083 1083 1159 1117 Rei-

301 1143 463 1189 pul>li(·ae
499 1142 650 1177 clavum
685 1141 846 1185 dedisse,
879 1141 925 1175 ad
958 1141 1158 1187 pontificiae

301 1202 490 1247 dignitatis
504 1201 650 1247 apicem
666 1201 846 1245 evexisse,
859 1211 965 1236 sacro
990 1200 1159 1235 Cardina-

302 1262 394 1296 lium
432 1261 595 1305 Collegio
632 1259 891 1305 adscripsisse,
925 1259 1160 1305 Neapolitani

304 1321 409 1365 regni
445 1322 644 1364 Proregem
681 1319 927 1363 constituisse,
963 1320 1159 1353 Summum

304 1380 469 1425 denique
481 1380 638 1413 Senatus
650 1378 766 1413 Italici
776 1377 974 1412 Proesidem
990 1376 1162 1412 effecisse

305 1440 388 1486 quis
419 1438 583 1483 ignorat?
614 1439 745 1472 Errant
773 1437 886 1482 igitur
919 1437 1046 1481 longe,
1079 1447 1162 1471 mea

306 1498 500 1543 sententia,
529 1497 593 1543 qui
618 1497 853 1532 nobilitatem
879 1506 953 1530 non
984 1495 1022 1530 in
1056 1495 1162 1530 factis

305 1559 371 1594 sed
392 1559 430 1593 in
447 1567 677 1604 proavorum
702 1556 861 1591 heroum
893 1554 1162 1601 propagatione

306 1620 413 1654 sitam
432 1628 513 1652 esse
532 1616 729 1652 somniant.
755 1616 847 1650 Hine
872 1615 971 1649 filius
997 1614 1165 1658 degener

306 1690 381 1715 non
412 1678 598 1725 patrizans
630 1675 766 1710 illustri
794 1674 935 1709 familia
964 1673 1163 1718 indignum

305 1750 345 1774 se
361 1738 614 1784 praebet3cu1n
633 1735 834 1770 cuiuslibet
859 1733 1010 1769 familiae
1035 1733 1165 1779 splen—

306 1799 375 1834 dor
391 1808 467 1833 non
486 1796 671 1831 maiorum
689 1794 844 1839 semine,
863 1792 928 1828 sed
949 1803 993 1828 ex
1013 1792 1165 1847 propria
