1408 2245
541 188 655 214 ——35
685 200 727 205 ..u

207 248 347 287 debere
366 250 463 295 volo,
484 251 645 286 damiam
668 251 942 296 dicandumque
974 251 1059 286 ideo

207 320 322 356 opere
345 310 505 356 pretium
535 309 615 344 fore
649 310 755 352 duxi,
782 310 882 354 quod
907 320 1058 345 carmen

208 375 270 404 tuo
284 369 469 404 munitum
483 369 617 414 clypeo
631 369 897 403 oblatrantium
914 379 1059 404 morsus

207 428 377 473 effugere
420 438 529 474 posse
567 427 929 463 animadverterem:
974 438 1059 463 cum

205 487 343 533 scripta
362 487 400 521 in
419 487 543 521 lucem
568 486 732 529 edenda,
752 487 781 521 si
806 486 963 521 alieuius
980 498 1059 530 gra-

205 547 262 582 vis
281 551 315 581 et
334 546 553 581 excellentis
569 546 638 581 viri
655 546 777 580 tutela·
790 556 864 580 non
875 556 1060 580 cominen-

205 605 352 650 dentur,
382 616 402 640 a
428 605 609 640 zoilorum
641 605 785 639 iniuriis
816 605 878 640 vix
908 604 1060 639 defendi

206 669 355 710 queant.
390 664 603 706 Quinetiam
644 674 687 698 ea
719 675 802 708 quae
835 664 925 698 olim
962 664 1061 698 inter

207 726 352 759 Graecos
388 725 660 768 Romanosque,
692 733 792 758 nunc
822 723 932 757 etiam
965 723 1061 757 inter

206 781 430 826 Neotericos,
456 782 619 817 inoleuit
642 781 891 820 consuetudo,
913 786 950 816 ut
975 782 1059 816 scri-

205 844 267 886 pta
281 841 528 886 praestantiori
550 851 720 886 personae
739 841 861 875 dicata
881 845 1059 885 tanquam

207 899 285 935 basi
318 899 526 944 in:.itentia,
558 910 643 934 cuni
669 900 836 934 securius
868 899 905 933 in
935 899 1059 933 lucem

205 959 415 1004 prodirent,
435 963 511 993 tum
536 958 647 993 etiam
674 958 854 993 maiorem
879 957 979 1003 apud
1013 958 1059 992 le-

205 1023 324 1053 ctores
344 1018 608 1053 authoritatem
638 1017 832 1052 haberent.
861 1017 921 1052 Sic
951 1017 1062 1061 Virgi-

205 1077 277 1113 lius
295 1080 470 1122 Augusto,
487 1077 625 1112 Neroni
640 1078 821 1121 Lucanus,
836 1076 1060 1122 Vespasiano

205 1136 356 1181 Plinius,
379 1136 572 1182 Oppianus
599 1136 799 1171 Caracallae
818 1140 854 1171 ot
878 1139 1061 1180 quotquot
1112 1168 1116 1169 a

205 1196 309 1231 fuere
327 1196 465 1242 passim
483 1196 652 1241 praeclari
679 1196 890 1241 scriptores,
911 1195 1060 1229 labores

202 1264 289 1289 suos
307 1254 464 1289 summis
495 1253 674 1288 heroibus
703 1253 842 1288 dedere
870 1253 1056 1288 dicavere-

203 1323 288 1358 que.
322 1314 368 1348 Te
404 1313 527 1358 igitur,
561 1313 672 1348 heros
707 1312 934 1356 clarissime,
964 1311 1056 1346 rnihi

204 1372 398 1408 Daedalum
418 1373 575 1408 carmini
588 1373 666 1407 alas
687 1372 861 1407 daturum
877 1371 1057 1406 adscisco,

202 1433 249 1466 Te
273 1432 365 1466 mihi
395 1432 441 1466 ad
473 1442 552 1466 rem
583 1443 695 1477 quam
733 1442 823 1477 paro
857 1436 1056 1478 patronum

203 1496 350 1537 exopto.
373 1491 581 1536 Singularis
601 1491 700 1526 enim
726 1496 786 1526 tua
808 1502 897 1536 erga
921 1495 1057 1526 nostra-

205 1555 260 1585 tes
281 1550 446 1594 benigna
463 1550 685 1591 humanitas,
707 1551 891 1597 sapientia
908 1555 944 1585 et
968 1550 1058 1585 libe-

204 1609 341 1655 ralitas,
356 1610 495 1654 quibus
508 1610 907 1646 universosliterarum
923 1611 1058 1646 studio-

203 1678 264 1703 sos
298 1668 568 1705 humanissime
607 1670 888 1716 complecteris,
931 1670 1057 1704 innata

205 1727 370 1775 denique
388 1739 434 1764 ex
453 1730 604 1777 propria
619 1730 755 1766 virtute
769 1734 805 1765 et
828 1729 940 1764 rebus
960 1729 1057 1765 bene
