1414 2333
214 1068 256 1100 30

216 1365 258 1396 35

217 1661 258 1695 40

700 232 887 259 —42—

310 297 501 340 Matuiato,
520 297 631 341 Deus,
650 296 821 333 divinum
841 297 973 331 inflare
996 297 1161 332 furorem

311 355 505 390 Indoctum
525 355 711 400 clarisque
730 356 829 391 sinas
848 356 1091 391 miserescere
1110 356 1233 391 rebus

311 416 479 459 Damaso,
498 415 625 450 adesto
647 415 749 459 mihi,
766 417 928 450 Romane
945 415 1147 451 sacerrime
1166 413 1316 460 Praesul,

312 473 457 508 Civium
478 472 608 518 honos,
624 474 751 519 patriae
769 474 963 519 columen,
980 474 1127 510 virtutis
1146 474 1281 519 imago,

311 532 481 567 Narranti
507 533 655 578 patrios,
675 538 737 569 tua
755 537 950 569 stemmata
968 534 1079 578 clara,
1099 538 1265 580 penates;

311 592 464 627 Vivifica
484 592 678 637 ingenium
699 598 811 638 atque
826 593 1033 628 audacibus
1050 603 1175 628 annue
1194 593 1338 638 coeptis.

310 651 367 685 Est
387 651 491 686 locus
512 652 697 697 Hesperia*
724 652 760 686 in
781 652 905 687 medio
923 651 1199 698 placidissimus
1217 662 1305 697 agro

312 709 456 744 Nobilis
475 715 508 744 et
528 710 626 744 fama
646 711 772 746 multis
792 715 1020 746 memoratus
1040 711 1079 746 in
1100 711 1188 746 oris.

243 773 257 781 '¹
312 769 406 803 Urbs
424 769 588 814 antiqua,
608 769 741 814 ingens
760 771 901 814 Regum
921 770 1054 805 domus
1069 770 1329 816 Hispanorum,

310 828 538 863 Pomiferum
558 827 771 874 adspiciens
790 829 943 874 flumen,
962 834 1135 875 pergrata
1152 828 1307 874 colonis,

312 887 382 930 Qui
401 888 654 933 Carpentanos
668 892 843 922 exercent
860 898 1013 923 vomere
1028 898 1193 934 campos,

310 949 404 981 Ante
422 948 542 981 Deum
561 951 701 990 natum,
720 947 750 981 si
769 957 844 981 non
864 957 924 981 me
943 951 1113 992 tempora
1139 946 1282 992 fallant,

312 1007 433 1040 Lucus
452 1010 543 1051 erat,
557 1005 727 1041 nondum
743 1010 954 1041 constructa
973 1006 1131 1051 Ursaria,
1151 1005 1302 1050 densus,

308 1065 464 1110 Sylvani
483 1075 683 1100 nemorosa
702 1065 836 1100 domus
861 1065 1091 1100 circumdata
1105 1065 1234 1111 sylvis.

310 1125 473 1159 Arbutus
493 1124 606 1160 arbor
624 1124 766 1169 ubique
784 1135 871 1159 suos
898 1124 1102 1159 extendere
1116 1134 1239 1159 ramos

310 1184 491 1229 Audebat,
509 1194 672 1229 quercus
691 1184 839 1219 nullum
859 1184 997 1220 violata
1018 1194 1086 1230 per
1102 1193 1236 1228 aevum,

312 1243 424 1278 Multa
438 1253 506 1289 per
524 1243 668 1287 ignotos
687 1242 792 1277 ibant
809 1242 986 1277 animalia
1010 1246 1167 1287 montes,

312 1303 351 1336 Et
371 1302 482 1348 lupus
497 1306 533 1336 et
550 1312 705 1348 serpens
723 1306 758 1336 et
776 1301 969 1347 mellipeta
986 1311 1095 1337 vrsus
1110 1305 1145 1335 et
1162 1300 1307 1345 anguis,

311 1363 351 1396 Et
369 1371 431 1395 sus
446 1360 670 1405 glandivora
689 1366 724 1396 et
743 1360 909 1405 coluber,
929 1360 1136 1395 ereduntur
1153 1364 1189 1395 et
1202 1359 1307 1395 illam

310 1421 482 1467 Amplexi
500 1421 648 1468 sylvam
664 1420 959 1457 circumfulsisse
977 1421 1120 1458 leones,

310 1483 409 1516 Tunc
423 1481 568 1526 laqueis
587 1486 737 1527 captare
757 1481 853 1516 feras
874 1485 909 1516 et
927 1480 1060 1516 fallere
1078 1480 1147 1515 reti

312 1543 509 1576 Inventum
525 1546 589 1585 est,
610 1551 764 1585 magnos
785 1541 942 1575 canibus
960 1539 1196 1575 circumdare
1216 1539 1332 1575 saltus

311 1600 588 1645 Caedunmrque
607 1600 684 1635 suis
703 1600 810 1635 multi
829 1600 867 1634 in
885 1599 1119 1645 praesepibus
1134 1600 1222 1644 vrsi,

312 1661 411 1701 Quos
429 1659 560 1695 viridis
579 1659 696 1694 densa
714 1659 972 1695 abscondebat
997 1658 1190 1694 fructifera
1207 1658 1354 1703 umbra,

239 1785 296 1819 (19)
347 1785 415 1815 San
432 1785 595 1820 Damaso,
614 1794 718 1821 papa,
737 1783 757 1814 ἑ,
775 1784 876 1823 quien
893 1794 929 1814 se
947 1793 1023 1814 eree
1041 1784 1184 1814 oriundo
1201 1783 1242 1813 de
1259 1782 1390 1816 Madrid
