1408 2245
0 322 4 329 '
48 317 115 349 365

51 610 116 642 370

50 905 116 937 3755

52 1203 119 1235 380

51 1496 119 1528 38'3

166 255 220 289 Ne
239 253 412 299 quemvis
430 253 541 287 laedat
559 253 749 288 Gallorum
771 254 924 289 morbus
941 259 1139 290 amantem.

167 315 315 348 Lucano
331 322 447 357 quare
465 313 495 346 si
514 312 714 347 credinms:
737 318 863 347 «exeat
883 312 968 347 aula

167 372 237 415 Qui
257 371 337 407 vult
354 381 435 406 esse
454 371 571 416 pius;»
593 371 710 406 virtus
729 376 764 405 et
784 375 882 405 tanta
901 371 1020 406 libido

168 432 249 465 Non
268 434 414 474 coeunt,
431 429 571 464 dictum
591 429 696 464 cuius
714 435 769 464 sat
787 430 830 464 sit
849 430 1018 475 sapienti.

166 489 271 524 Addo
288 488 390 534 quod
408 488 615 523 innumerae
635 494 860 523 concurrant
882 489 1048 533 undique
1070 493 1210 532 gentes,

166 549 258 583 Nam
273 548 377 584 vario
396 547 499 583 cultu
516 547 676 593 populos
695 552 730 582 et
747 547 896 582 dissona
916 547 1020 591 vulgi

169 608 240 642 Ora
259 606 365 643 vides
383 606 506 643 varias
524 606 655 640 audire
676 611 712 640 et
730 606 889 641 reddere
908 617 1031 642 voees.

168 666 280 710 Belga
297 665 411 700 trahit
430 675 558 700 secum
577 670 761 700 mereator
779 666 895 700 multa
914 665 1078 702 videnda

169 725 446 770 Multorumque
463 724 608 759 animos
626 724 770 770 pictura
789 725 905 770 pascit
925 725 1038 765 inani;

167 787 284 830 Inque
301 784 413 820 domo
431 784 538 829 Regis
558 784 654 818 Galli
672 784 832 830 puerilia
851 784 1021 820 vendunt

168 845 209 878 Et
225 843 419 878 Ianuensis
437 843 542 878 adest
560 843 641 877 auri
660 843 724 888 qui
743 853 863 878 crocus
882 853 1009 877 amore

167 904 328 946 Argento
348 901 497 946 ignaros
516 900 629 935 fallax
649 902 816 946 emungit
834 902 971 942 Iberos;

167 961 365 1007 Aithiopes,
386 960 489 996 fusco
508 971 601 1005 quos
620 961 751 995 torruit
769 960 874 995 India
892 960 1005 1006 pelle,

167 1023 266 1056 Auro
284 1020 512 1065 venduntur,
531 1019 692 1055 dominis
710 1020 853 1056 servire
872 1020 1004 1066 parati.

168 1080 246 1115 Sub
264 1081 352 1115 Iove
369 1079 580 1125 temperies,
601 1079 667 1114 tibi
686 1089 880 1124 nunquam
900 1078 1071 1113 turbidus
1088 1089 1163 1124 aer,

168 1142 258 1174 Cum
277 1143 339 1174 tua
358 1138 552 1184 depellant
568 1138 662 1183 grati
680 1138 778 1173 mala
797 1138 927 1172 nubila
946 1138 1059 1182 venti,

171 1200 215 1233 Ut
233 1198 365 1233 merito
383 1198 550 1233 ornarint
568 1197 685 1232 Mauri
707 1202 739 1232 te
758 1197 910 1232 nomine
931 1196 1086 1232 Madrid.

168 1258 250 1292 Non
269 1256 336 1292 tibi
353 1256 460 1303 pigra
478 1261 613 1291 nocent
631 1256 812 1301 hybernae
831 1256 968 1300 frigora
986 1256 1115 1300 noctis,

169 1317 246 1351 Nec
264 1315 422 1350 multum
443 1315 545 1350 canis
563 1319 672 1350 aestus
692 1325 777 1349 eum
795 1314 971 1360 efferbuit
989 1319 1094 1351 testu.

170 1374 284 1409 Foelix
301 1384 465 1419 namque
483 1378 564 1409 tuos
582 1374 680 1408 mitis
699 1374 810 1419 plaga
829 1377 1011 1419 temperat
1034 1383 1142 1417 agros

171 1434 211 1468 Et
229 1432 406 1468 foecunda
422 1434 544 1467 Venus
564 1437 608 1477 te,
628 1433 776 1467 Mantua
795 1432 937 1477 pulcra,
957 1436 1124 1467 coronat.

169 1492 436 1528 Pulverulenta
455 1496 561 1526 aestas
580 1491 724 1526 cineres
744 1501 764 1525 e
783 1495 946 1525 stercore
965 1494 1070 1525 natos

170 1550 319 1596 Spargit
335 1550 372 1584 in
391 1560 455 1585 ora
473 1550 608 1595 virum,
628 1550 718 1585 dum
737 1550 839 1586 venti
858 1550 1008 1585 turbine
1031 1550 1201 1596 perflant.

171 1610 208 1644 Si
228 1609 408 1644 matutino
426 1609 629 1655 pertransis
649 1613 817 1654 tempore
836 1608 962 1652 calles,

100 1734 177 1768 (382)
228 1736 332 1763 Verso
349 1735 415 1763 mal
432 1734 578 1763 madido.
599 1733 722 1763 Podria
735 1735 842 1764 leerse
856 1733 980 1772 quando
999 1743 1038 1762 en
1051 1742 1110 1763 vez
1125 1733 1164 1762 de
1179 1742 1258 1762 cnm.
