1408 2245
5 290 15 315 ἑ
65 267 132 304 440

2 582 5 584 -
62 562 129 597 415

59 858 126 893 420

56 1151 123 1186 425

53 1449 120 1484 430

577 220 619 225 .-
649 206 690 234 59
720 221 762 225 -

182 268 369 305 Exornant
386 270 562 316 quonian]
581 270 747 315 gravidzr
766 275 800 306 te
819 275 968 306 nectare
986 271 1091 307 vites.

182 327 280 370 Quin
297 333 332 363 et
350 328 515 363 Palladia
533 329 673 364 circum
691 339 772 364 sese
791 329 925 364 arbore
945 330 1049 371 tollit;

181 385 295 421 Dives
312 396 355 421 ea
374 391 410 422 et
428 397 621 432 nunquam
641 387 751 422 tellus
771 388 923 422 mentita
942 388 1086 429 (·olono;

179 444 272 480 Inda
289 446 391 482 cavis
407 456 540 481 aurum
560 447 669 481 mittit
686 457 846 492 persona
861 447 1032 488 inetallis;

179 504 292 539 Poma
309 505 380 539 sub
399 505 598 540 arboribus
617 505 682 540 tibi
702 506 802 540 milia
822 516 975 551 carpere
993 506 1138 545 dantur„

177 562 304 599 AEstivi
323 563 464 599 fructus
483 568 594 608 atque
612 564 842 599 autumnalia
861 575 992 609 pruna,

179 622 367 657 Castaneae
388 622 522 658 molles
541 622 608 657 tibi
625 627 710 657 sunt
730 627 766 657 et
783 622 907 657 iuncta
926 622 995 657 viae
1014 633 1100 666 nux,

178 681 250 716 Lae
268 681 333 716 tibi
352 692 427 717 non
447 687 571 717 aestate
589 692 740 726 novum,
761 692 835 716 non
858 681 994 726 frigore
1013 682 1112 716 defit.

177 739 297 784 Digna
314 740 502 775 recenseri
523 740 587 775 [ibi
605 745 691 775 sunt
709 745 742 775 et
763 740 893 786 pulcra
911 740 1031 776 videri

177 799 326 843 Horrea,
345 799 530 834 foecundis
549 799 802 834 indeficientia
822 799 972 844 mensis,

177 858 288 903 Soepe
307 862 431 893 tamen
450 858 596 893 miseris
614 868 763 893 annona
783 858 913 893 deesse
931 858 1110 904 probatur

175 917 215 951 Et
232 916 338 952 nullo
359 917 465 962 quasi
485 917 604 963 pretio
623 917 812 963 reperitur
829 917 1000 952 emenda.

175 975 343 1020 Quisque
362 975 490 1010 furens
509 975 635 1011 animo
655 981 705 1011 lot
722 976 880 1012 vocibus
898 986 984 1010 aera
1002 975 1125 1021 pulsat

174 1035 305 1080 Neque
322 1034 437 1070 habet
456 1035 557 1070 unde
575 1035 651 1070 suis
670 1035 797 1080 pueris
814 1034 993 1070 alimenta
1011 1035 1204 1069 ministret.

174 1092 274 1127 Ordo
292 1092 413 1128 malus
431 1103 543 1128 causa
561 1098 626 1137 est,
649 1093 759 1128 liceat
776 1093 807 1128 si
825 1103 915 1129 vera
933 1092 1050 1138 fateri,

173 1153 340 1186 Annonae
359 1151 449 1186 dum
468 1151 532 1197 qui
551 1156 715 1198 praesunt
737 1152 834 1187 male
853 1156 987 1187 cuncta
1004 1152 1226 1196 gubernent.

172 1209 324 1245 Callaici
342 1214 404 1245 aut
423 1210 518 1245 Galli
537 1210 702 1246 bibituro
720 1210 876 1256 porrigit
893 1211 996 1245 omni

172 1269 373 1304 Fontanam
394 1269 581 1305 cristallus
599 1280 747 1315 aquam,
767 1281 850 1315 quae
868 1270 1045 1306 venditur
1060 1281 1142 1305 aere.

170 1328 279 1362 Terra
298 1328 364 1363 tibi
383 1328 514 1364 dulces
533 1329 695 1375 erumpit
714 1328 815 1364 fonte
833 1329 1012 1374 liquores.

170 1387 351 1432 Agricolae
369 1387 452 1423 fons
470 1393 524 1423 est
544 1388 675 1423 Isidori
694 1388 849 1423 numine
869 1390 986 1424 sancti

171 1448 211 1482 Et
227 1458 334 1483 sacer
352 1452 387 1483 et
404 1448 540 1495 plenus
559 1448 732 1493 febrique
750 1448 909 1494 imponit
929 1449 1106 1484 habenas.

99 1559 175 1593 (411)
224 1559 372 1590 Palladia
389 1562 495 1596 arbor,
519 1560 572 1590 “'el
590 1562 714 1597 olivo.„

98 1607 176 1640 (425)
226 1607 324 1638 Dum.
345 1609 406 1638 Ms.
425 1609 573 1638 nondum.

97 1654 253 1689 (429-430)
304 1655 407 1685 “Otro
426 1656 514 1685 dixo:
531 1658 582 1685 Yo
606 1666 716 1693 vengo
734 1656 894 1692 huyendo
921 1656 961 1686 de
979 1656 1030 1686 los
1058 1656 1258 1685 tabardillos

0 1692 4 1697 ’
49 1709 72 1736 y
85 1701 218 1731 dolores
237 1702 277 1731 de
296 1704 435 1732 costado
440 1725 496 1733 .....
518 1713 539 1740 y
554 1705 585 1732 el
603 1706 765 1733 maneebo
784 1704 1008 1740 desapareeio,
1025 1704 1200 1738 ocupamlo
1216 1714 1257 1732 en

48 1756 89 1779 su
105 1749 206 1787 lu'gar
221 1751 256 1779 la
271 1750 385 1786 ruente
402 1750 440 1781 de
459 1751 524 1782 San
542 1751 664 1787 Isidro,
685 1761 747 1788 que
765 1753 785 1782 ἐι
815 1752 959 1788 grandes
978 1762 1077 1781 vozes
1095 1750 1187 1779 elixo:
1208 1752 1256 1779 Yo
