1414 2333
198 430 265 462 390

198 726 264 757 395

198 1317 264 1351 405

711 242 895 270 —53.-

315 309 355 343 In
375 308 512 353 quibus
530 307 673 352 argenti
695 306 907 342 conflantur
925 304 1094 353 pondera
1113 309 1150 340 et
1166 304 1259 349 auri,

316 367 446 402 Thuris
464 366 557 402 odor
575 377 650 402 non
668 366 840 410 occurrit,
858 365 923 401 sed
943 371 1085 400 stercus
1103 369 1139 400 et
1155 363 1231 399 olla

317 427 445 461 Ieiuno
461 431 667 472 provocant
686 426 867 461 vomitum
888 430 925 460 ut
946 425 1088 471 porcile
1106 423 1261 470 petenti.

319 486 427 529 Olim,
446 496 530 520 cum
550 485 713 531 primum
735 485 897 521 venisset
916 485 1023 520 Curia
1046 485 1163 529 Regis,

317 545 441 579 Imbro
461 544 629 589 cadente,
647 545 751 589 gravi
772 544 949 590 pluvialis
966 549 1134 590 tempore
1153 543 1307 586 brumm,

316 605 379 638 Vix
400 604 611 650 patiebatur
629 614 777 639 coenum
799 603 955 638 transire
973 603 1150 647 caballos,

317 664 424 698 Nunc
442 663 539 698 saxis
559 668 749 709 composta
768 663 826 699 via
848 668 913 707 est,
932 662 1088 698 authore
1106 663 1256 696 Senatu.

315 723 387 757 Sed
407 723 496 768 quid
517 733 596 767 ego,
615 734 636 757 a
655 727 779 758 nostro
799 722 989 767 digressus
1008 721 1175 757 carmine
1193 719 1335 767 primo?

315 785 575 817 Commemoro
595 781 708 817 fortes
728 786 763 816 et
781 786 948 816 amantes
966 781 1090 816 Martis
1107 780 1247 824 Iberos,

317 843 417 884 Quos
435 841 535 876 ferus
553 841 591 876 in
611 841 734 876 media
752 841 894 876 dociles
912 840 1096 885 gladiator
1112 839 1253 874 harena

318 901 467 936 Instruit
486 906 520 935 et
539 900 674 946 quovis
694 900 785 935 festo
805 900 1040 946 pugnacibus
1057 899 1203 935 omneis

318 961 521 994 Conserere
540 959 605 993 ille
625 969 758 994 manus
777 959 891 1003 iubet,
911 963 947 993 et
964 958 1035 994 sibi
1053 957 1202 994 solvere
1222 955 1392 991 mulctas.

317 1019 354 1053 Si
378 1018 456 1054 fora
475 1018 617 1064 quaeris
635 1017 715 1052 adis
734 1017 925 1053 vendendi
944 1027 1056 1052 causa
1074 1021 1109 1051 et
1127 1015 1290 1060 emendi,

315 1077 545 1112 Admiranda
563 1077 669 1113 vides
687 1077 817 1119 oculis⁷
837 1087 858 1111 o
877 1075 1034 1122 prodiga
1053 1086 1179 1110 rerum

316 1139 509 1180 Luxuries,
529 1142 638 1173 tantae
658 1142 693 1172 et
711 1142 784 1172 tam
803 1136 913 1172 lautae
931 1135 1052 1181 gloria
1069 1134 1221 1170 mensae!

316 1197 503 1243 Quicquid
522 1197 664 1232 habere
683 1196 788 1242 cupis
807 1195 934 1241 precio
952 1194 1020 1229 tibi
1039 1194 1217 1231 venditur
1233 1191 1348 1228 omni.

317 1258 377 1292 Est
394 1257 503 1302 lepus
521 1255 661 1290 auritus
681 1254 909 1299 timidusque
927 1253 1136 1297 cuniculus,
1155 1262 1276 1294 anser,

314 1317 456 1359 Turtur,
475 1315 566 1359 avis,
586 1314 709 1360 piscis,
729 1312 872 1360 perdix,
892 1311 1044 1357 gallina,
1063 1310 1251 1355 columba,

315 1374 520 1410 vervecina
538 1384 636 1418 caro,
655 1372 818 1418 caprina,
840 1371 989 1415 bovina,
1008 1369 1130 1407 suina.

314 1433 423 1466 Terra
442 1431 518 1465 suis
537 1434 711 1465 contenta
731 1429 850 1473 bonis,
868 1438 943 1463 non
962 1427 1089 1472 indiga
1107 1425 1254 1468 mercis,

315 1492 396 1526 Non
417 1489 540 1525 Cereri
558 1489 733 1524 indocilis
751 1488 835 1523 forti
854 1498 925 1523 nec
942 1486 1129 1532 inhospita
1147 1485 1304 1530 Baccho,

315 1552 356 1585 Et
374 1550 434 1586 cui
453 1559 645 1596 purpureo
663 1552 839 1594 spumant
856 1557 923 1582 sua
941 1545 1041 1581 dolia
1059 1549 1192 1589 musto,

244 1697 309 1731 (396
322 1696 385 1731 399)
435 1697 479 1725 Es
498 1696 657 1731 probabfe
677 1703 740 1730 quo
759 1703 793 1723 se
812 1696 902 1723 trate
921 1692 1002 1729 aqui
1020 1693 1060 1722 de
1078 1693 1113 1721 la
1139 1691 1214 1721 Tela
1234 1690 1272 1720 de
1281 1691 1405 1728 justar,

196 1745 274 1774 sitio
290 1745 439 1775 cem-ado.
459 1749 554 1772 entre
573 1744 608 1771 la
626 1746 744 1778 puertn
761 1743 800 1771 de
821 1742 963 1778 Segovia
981 1751 1002 1776 3·
1022 1741 1052 1769 el
1067 1740 1128 1776 rio,
1145 1740 1223 1770 sitio
1237 1738 1347 1768 donde
1364 1747 1407 1768 en

195 1793 247 1822 Ios
265 1793 369 1829 siglos
387 1793 467 1821 XVI
484 1800 506 1828 y
524 1792 623 1820 XVII
641 1800 676 1820 se·
691 1790 831 1826 justaba
849 1799 872 1826 y
889 1790 1047 1819 tornaba.
