1408 2245
445 289 879 342 URSARIAE

623 431 690 456 SEU

131 537 382 586 MANTUAE
413 538 805 578 CARPENTANAE
835 538 1184 577 DESCRIPTIO.

148 835 262 871 Multa
283 835 495 871 recordanti
512 836 708 871 benefacta
735 841 885 882 recepta
905 837 1024 872 cuivis

100 897 267 940 Ingenuo
287 905 369 930 esse
387 894 507 930 solent
533 894 677 929 homini
695 900 867 940 pergrata
886 896 1070 941 voluptas

103 954 264 1000 Hospitis
282 954 448 990 officium
465 959 518 989 est
538 954 676 989 etenim
695 954 913 1000 persolvere
928 960 1050 999 grates

99 1013 313 1059 Hospitibus
332 1013 463 1058 dignas
478 1014 711 1059 dignumque
734 1013 944 1060 rependere
959 1013 1153 1048 honorem.

29 1078 49 1109 5
101 1073 284 1108 Dulcibus
302 1073 340 1108 in
359 1073 492 1109 vestris
511 1073 752 1118 requiescens
773 1073 926 1108 sedibus
945 1073 1081 1118 hospes

102 1133 211 1167 Exter
230 1133 353 1178 Belga,
372 1137 443 1168 tuae
462 1133 644 1167 miserans
662 1132 804 1167 oblivia
822 1132 940 1177 samae,

100 1191 316 1226 Vorisonam
336 1201 449 1235 cogor
468 1190 536 1225 tibi
554 1190 721 1225 carmine
739 1200 914 1236 promere
931 1200 1076 1234 vocem,

98 1249 256 1284 Virtutes
274 1250 407 1284 merito
429 1249 645 1284 describere
664 1250 813 1284 Mantua
832 1254 950 1283 tantas

98 1309 330 1354 Carpentana
349 1313 441 1350 tuas,
461 1308 599 1353 quibus
617 1312 796 1343 exornata
815 1308 1029 1343 choruscas.

8 1371 46 1402 lo
96 1369 243 1402 Terreat
259 1372 315 1402 ast
333 1367 505 1412 quamvis
524 1367 702 1402 miserum
722 1371 784 1401 tua
803 1367 950 1411 cognita
967 1366 1094 1406 virtus,

97 1428 142 1462 Ut
159 1427 222 1463 vix
239 1427 397 1462 infirmae
423 1426 575 1462 valeant
592 1426 795 1462 subsistere
814 1427 924 1467 vires3

97 1487 278 1533 Incipiam
297 1492 422 1522 tamen
441 1497 462 1521 a
482 1486 623 1521 meritis
642 1486 848 1532 depingere
863 1486 1015 1530 molem,

97 1548 217 1589 Quam
234 1546 303 1581 t-ibi
324 1546 469 1590 dedico,
484 1546 534 1580 mi
555 1547 749 1581 Perenotte
769 1551 935 1591 patrone,
955 1544 1143 1589 tuendam,

97 1604 270 1640 Cardinei
288 1605 384 1640 sacri
399 1604 514 1640 decus
533 1609 568 1639 et
585 1605 731 1650 collega
745 1606 914 1649 Senatus,

2 1669 43 1700 ,155
93 1664 198 1699 Italia
215 1664 254 1699 in
272 1664 378 1699 cuius
396 1669 507 1710 caput
531 1664 710 1699 inclinata
728 1663 924 1707 recumbit,

98 1724 195 1770 Dum
213 1727 249 1758 te
268 1733 343 1771 prae
362 1722 506 1759 cunctis
524 1722 700 1761 celebrat,
719 1726 931 1766 veneratur,
950 1720 1121 1760 honorat.
