1408 2245
36 763 102 795 ⁴30

34 1349 100 1383 ⁴40

32 1645 98 1679 445

543 222 727 251 —47-..

151 289 195 324 Ut
207 299 296 326 vere
315 288 457 334 Elysios
473 288 628 322 iniretur
643 289 789 323 Mantua
809 298 975 333 campos.

149 348 186 383 Si
204 348 328 394 placet
344 346 491 383 occidui
506 346 629 382 radios
643 347 839 383 advertere
854 347 953 391 solis,

151 410 244 442 Pons
259 416 379 443 novus
397 410 587 441 extructus
606 416 806 449 regnorum
826 405 1037 451 sumptibus
1057 406 1189 441 horum

83 470 98 478 “’
152 467 193 500 In
218 464 301 500 loca
318 469 353 500 te
370 464 482 499 ducet
497 463 603 499 molli
620 463 820 500 viridantia
834 469 951 509 prato.

151 525 283 559 Hortus
297 523 362 558 ubi
378 523 485 567 Regis
504 522 674 568 pulcher,
694 522 822 568 Campi
837 522 981 567 doinus,
998 523 1034 557 in
1054 534 1128 568 quo

150 585 248 620 Aura
265 583 361 628 parit
374 582 485 617 flores
505 581 671 627 zephyro
690 582 853 627 spirante
881 582 1073 617 iucundos.

150 643 259 676 Terra
278 641 441 686 benigna
455 640 547 675 rosis
561 640 715 674 senibus
734 640 943 674 medicatur
962 640 1120 676 anhelis.

155 702 254 735 Inter
272 699 445 735 odoratos
463 698 592 735 vitreae
611 698 692 733 fons
712 698 851 733 labitur
870 699 979 733 unda}

153 760 327 794 Pomonae
344 758 497 802 fructus,
517 757 723 802 longinquo
738 767 924 792 marmore
944 757 1061 798 dlves3

153 819 289 862 Stagna
307 817 462 852 iacentis
479 827 598 861 aqum,
622 816 844 861 plenissima
859 816 1025 861 piscibus
1039 818 1194 860 omneis,

153 875 298 920 Egregii
317 875 469 910 artificis
484 875 610 911 Batavi
628 879 715 909 sunt
733 875 864 910 ordine
884 875 993 914 facta.

151 936 260 970 Juxta
278 935 420 970 flumen
438 934 544 969 adest
561 934 748 969 mundans
768 934 982 980 respublica
1001 934 1089 980 lina,

151 995 194 1028 In
208 993 314 1029 cuius
332 993 413 1040 ripa
433 993 607 1028 manibus
626 993 866 1038 pedibusque
885 993 1035 1039 puellm,

81 1058 97 1085 :¹
151 1054 248 1088 Dum
266 1057 430 1099 purgant
452 1057 584 1097 vestes,
604 1052 791 1098 plaudunt
807 1052 982 1088 ducendo
999 1052 1178 1090 choraeas.

153 1113 190 1147 Si
209 1112 374 1158 Scythici
392 1116 516 1158 partes
531 1112 649 1147 oeulis
664 1112 858 1156 Aquilonis
874 1112 1039 1157 oberras,

153 1172 315 1216 Irriguos
334 1171 456 1207 fontes
474 1171 677 1216 hortosque
697 1176 732 1205 et
750 1182 884 1206 amena
899 1172 1016 1208 vireta

151 1230 344 1276 Inspicies,
367 1230 473 1267 fluvii
492 1230 628 1265 multas
648 1231 685 1265 in
713 1231 882 1275 margine
903 1231 1043 1276 sylvas,

152 1290 332 1324 Occurret
349 1289 490 1324 Pardus
506 1290 593 1334 Regi
615 1290 847 1335 gratissimus
866 1290 994 1324 hortus

150 1349 192 1382 Et
208 1347 341 1383 domus
360 1348 516 1392 insignis
535 1359 617 1394 quae
637 1348 747 1384 distat
765 1349 812 1383 ab
828 1349 922 1383 urbe
937 1349 1084 1384 duabus

148 1401 292 1452 Leucis,
313 1407 427 1452 inque
448 1407 519 1443 vire
538 1407 662 1443 medio
681 1407 790 1443 datur
806 1408 1050 1453 adspicienda

149 1466 244 1502 Trita
258 1468 367 1502 Ceres
381 1467 529 1502 silicum
549 1467 679 1513 rapido
698 1467 900 1503 decurrere
917 1468 965 1502 ab
984 1468 1072 1506 ictu.

151 1528 332 1562 Occasum
351 1527 522 1563 aestivum
542 1537 674 1563 versus
692 1527 797 1563 locus
816 1527 881 1562 ille
899 1527 1094 1562 choruscat

149 1585 336 1621 Montibus
354 1586 579 1632 impendens
598 1587 771 1632 Carpenti
790 1587 942 1622 nomine
961 1586 1079 1630 dIctis‚

149 1646 190 1679 ln
208 1655 370 1690 quorum
387 1645 534 1681 cineres
549 1647 689 1691 Regum
708 1645 835 1681 radice
853 1646 1061 1691 quieseunt.

76 1768 153 1804 (136)
203 1768 357 1807 Scythici.
378 1769 437 1799 ΜΞ.
460 1768 614 1809 Schytici.
