1414 2333
200 564 212 595 1
223 564 264 595 50

198 858 263 889 155

196 1153 261 1185 160

195 1450 260 1481 lli-‘3’

709 258 893 289 *43-,.

317 325 637 370 Carpentanorum
656 329 712 359 ast
728 325 885 369 Ursaria,
904 323 1032 360 nobile
1049 333 1217 370 germen,

317 383 414 426 Quid
430 393 490 418 me
508 383 700 418 scribendi
718 388 793 419 tam
811 394 989 429 magnum
1009 384 1121 420 mittis
1138 384 1176 419 in
1196 395 1335 430 aequor,

317 444 407 477 Cum
422 443 533 488 capiti
548 442 610 479 vix
630 443 710 489 ipse
728 453 865 488 queam
882 443 1103 478 submittere
1123 443 1290 489 pondus?

316 501 370 536 Ad
392 502 520 538 divina
535 506 658 536 tamen
679 502 811 537 Christi
831 502 1006 548 mysteria
1022 513 1189 548 pergam.

316 563 344 595 Α
362 561 537 606 parochis
556 565 611 596 ter
629 561 796 606 quinque
814 561 885 607 piis
899 571 966 596 sua
984 561 1123 607 templa
1142 565 1333 606 reguntur,

315 621 354 653 In
374 619 512 664 quibus
530 624 585 654 est
599 630 758 665 syncera
780 619 883 663 fides,
903 629 1130 664 semperque
1147 619 1275 655 licebit

317 679 478 713 Cernere
496 677 682 722 fulgentes
701 683 739 713 ut
759 683 818 713 eat
835 688 942 713 sacer
959 688 1078 722 agnus
1096 677 1143 712 ad
1161 687 1255 719 aras;

316 738 557 772 Sacramenta
576 737 716 782 colunt,
735 748 845 773 veras
863 737 1006 772 domini
1022 736 1239 781 medicinas,

315 798 404 838 Quae
419 796 603 842 populum
622 796 775 841 antiqua
792 796 863 831 sub
878 796 1077 841 relligione
1092 800 1256 833 tuentur.

315 855 480 889 Plurima
504 859 589 890 sunt
609 855 776 900 fratrum,
795 860 881 890 sunt
898 855 1062 901 plurima
1078 853 1218 900 templa
1231 863 1402 889 sororum

314 914 465 949 Doctori
480 915 517 949 in
538 917 641 949 ”rato
661 914 844 960 templum
861 924 925 949 rex
943 913 1107 960 inclytus
1125 914 1260 958 ingens

313 973 485 1008 Condidit
500 973 681 1008 Henrieus
695 978 850 1018 quartus
867 972 975 1008 donis
988 972 1225 1018 opulentum.

313 1032 457 1068 Servati
477 1042 521 1067 ex
540 1032 651 1067 undis
667 1031 773 1066 multi
788 1042 854 1066 sua
873 1042 1031 1066 munera
1049 1031 1169 1075 figunt

313 1091 549 1137 Christiparae
568 1091 718 1136 Atocha,
737 1096 842 1127 votas
857 1090 1090 1137 suspendere
1103 1094 1228 1127 vestes

314 1152 574 1195 Frequentant:
591 1151 670 1186 haec
685 1150 850 1186 creditur
864 1149 1097 1185 Antiochena
1115 1149 1244 1185 fuisse.

313 1211 405 1245 Sunt
423 1210 523 1245 aedes
542 1210 726 1246 Francisci
746 1210 812 1245 ubi
833 1211 981 1245 Mantua
999 1210 1151 1256 respicit
1169 1208 1309 1244 undam

313 1271 353 1304 Et
371 1275 646 1316 contemptores
663 1270 829 1305 Theatini
848 1270 1121 1315 hominumque
1141 1271 1403 1315 bonorumque

312 1330 351 1363 Et
370 1329 434 1374 qui
453 1329 622 1375 captivos
642 1329 833 1364 redimunt
852 1329 1028 1365 mercede
1049 1329 1210 1375 piorum.

312 1390 405 1423 Sunt
424 1389 632 1423 Carmelitae
654 1394 690 1424 et
707 1389 771 1434 qui
790 1389 930 1424 trinum
951 1399 1092 1424 numen
1107 1389 1283 1431 adorant;

311 1449 403 1482 Sunt
418 1448 482 1492 qui
503 1448 708 1493 Augustini,
724 1448 956 1492 Bernardini,
972 1448 1162 1483 Benedicti

313 1509 456 1552 Dogma
477 1507 615 1551 colunt,
635 1507 747 1542 habet
765 1512 877 1552 atque
897 1517 983 1542 suos
1004 1507 1162 1542 Victoria
1180 1506 1324 1542 fratres,

311 1567 403 1602 Hinc
422 1567 556 1602 domus
576 1572 628 1601 est
651 1568 789 1611 Regum
810 1571 961 1612 sumptu
983 1565 1161 1601 fabricata
1181 1566 1331 1612 puellis,

313 1628 479 1668 Quarum
501 1625 716 1671 praesidium
735 1630 787 1660 est
807 1627 999 1660 Senonum
1018 1624 1215 1660 catherina
1233 1624 1410 1669 cadaver,

312 1686 387 1719 Rex
407 1685 470 1719 ubi
491 1684 655 1719 crudelis
674 1686 802 1719 Petrus
820 1684 1058 1730 requiescere
1080 1683 1196 1721 iussit.

238 1810 315 1847 (152)
366 1808 488 1848 Aynus.
509 1809 559 1836 Ms
592 1818 703 1847 aymus:
