<?xml version="1.0" encoding="UTF-8"?>
<!DOCTYPE html PUBLIC "-//W3C//DTD XHTML 1.0 Transitional//EN"
    "http://www.w3.org/TR/xhtml1/DTD/xhtml1-transitional.dtd">
<html xmlns="http://www.w3.org/1999/xhtml" xml:lang="en" lang="en">
 <head>
  <title>
</title>
<meta http-equiv="Content-Type" content="text/html;charset=utf-8" />
  <meta name='ocr-system' content='tesseract 3.04.00' />
  <meta name='ocr-capabilities' content='ocr_page ocr_carea ocr_par ocr_line ocrx_word'/>
</head>
<body>
  <div class='ocr_page' id='page_1' title='image "./mantuacarpentana00cockuoft_0056.png"; bbox 0 0 1414 2333; ppageno 0'>
   <div class='ocr_carea' id='block_1_1' title="bbox 175 436 235 468">
    <p class='ocr_par' dir='ltr' id='par_1_1' title="bbox 175 436 235 468">
     <span class='ocr_line' id='line_1_1' title="bbox 175 436 235 468; baseline 0 0"><span class='ocrx_word' id='word_1_1' title='bbox 175 436 235 468; x_wconf 81' lang='grc'>190</span> 
     </span>
    </p>
   </div>
   <div class='ocr_carea' id='block_1_2' title="bbox 176 733 237 764">
    <p class='ocr_par' dir='ltr' id='par_1_2' title="bbox 176 733 237 764">
     <span class='ocr_line' id='line_1_2' title="bbox 176 733 237 764; baseline 0 -1"><span class='ocrx_word' id='word_1_2' title='bbox 176 733 237 764; x_wconf 80' lang='grc'>195</span> 
     </span>
    </p>
   </div>
   <div class='ocr_carea' id='block_1_3' title="bbox 167 1622 235 1654">
    <p class='ocr_par' dir='ltr' id='par_1_3' title="bbox 167 1622 235 1654">
     <span class='ocr_line' id='line_1_3' title="bbox 167 1622 235 1654; baseline 0 0"><span class='ocrx_word' id='word_1_3' title='bbox 167 1622 235 1654; x_wconf 72' lang='grc'>210</span> 
     </span>
    </p>
   </div>
   <div class='ocr_carea' id='block_1_4' title="bbox 680 308 866 337">
    <p class='ocr_par' dir='ltr' id='par_1_4' title="bbox 680 308 866 337">
     <span class='ocr_line' id='line_1_4' title="bbox 680 308 866 337; baseline 0 -11"><span class='ocrx_word' id='word_1_4' title='bbox 680 308 794 337; x_wconf 69' lang='lat'>—50</span> <span class='ocrx_word' id='word_1_5' title='bbox 824 321 866 326; x_wconf 84' lang='lat'>-..</span> 
     </span>
    </p>
   </div>
   <div class='ocr_carea' id='block_1_5' title="bbox 284 373 1328 1902">
    <p class='ocr_par' dir='ltr' id='par_1_5' title="bbox 286 373 1188 537">
     <span class='ocr_line' id='line_1_5' title="bbox 289 373 1188 419; baseline 0.002 -11"><span class='ocrx_word' id='word_1_6' title='bbox 289 374 408 416; x_wconf 84' lang='lat' dir='ltr'><strong>Quem</strong></span> <span class='ocrx_word' id='word_1_7' title='bbox 424 373 519 408; x_wconf 86' lang='lat' dir='ltr'>Petri</span> <span class='ocrx_word' id='word_1_8' title='bbox 538 373 575 408; x_wconf 95' lang='lat' dir='ltr'>in</span> <span class='ocrx_word' id='word_1_9' title='bbox 591 373 685 409; x_wconf 89' lang='lat' dir='ltr'>solio</span> <span class='ocrx_word' id='word_1_10' title='bbox 699 373 932 409; x_wconf 79' lang='lat' dir='ltr'>sanctissima</span> <span class='ocrx_word' id='word_1_11' title='bbox 950 374 1026 409; x_wconf 79' lang='lat' dir='ltr'>vita</span> <span class='ocrx_word' id='word_1_12' title='bbox 1040 373 1188 419; x_wconf 75' lang='lat' dir='ltr'>locavit,</span> 
     </span>
     <span class='ocr_line' id='line_1_6' title="bbox 287 432 1103 468; baseline 0.001 -1"><span class='ocrx_word' id='word_1_13' title='bbox 287 433 385 467; x_wconf 61' lang='lat' dir='ltr'>Ferit</span> <span class='ocrx_word' id='word_1_14' title='bbox 402 437 441 467; x_wconf 89' lang='lat' dir='ltr'>ut</span> <span class='ocrx_word' id='word_1_15' title='bbox 459 433 496 467; x_wconf 94' lang='lat' dir='ltr'>in</span> <span class='ocrx_word' id='word_1_16' title='bbox 518 432 650 468; x_wconf 80' lang='lat' dir='ltr'>Psalmi</span> <span class='ocrx_word' id='word_1_17' title='bbox 665 437 863 467; x_wconf 82' lang='lat' dir='ltr'>caneretur</span> <span class='ocrx_word' id='word_1_18' title='bbox 885 433 1009 468; x_wconf 86' lang='lat' dir='ltr'>Gloria</span> <span class='ocrx_word' id='word_1_19' title='bbox 1029 433 1103 468; x_wconf 86' lang='lat' dir='ltr'>fine</span> 
     </span>
     <span class='ocr_line' id='line_1_7' title="bbox 286 491 1075 537; baseline 0.001 -12"><span class='ocrx_word' id='word_1_20' title='bbox 286 491 522 536; x_wconf 81' lang='lat' dir='ltr'>Instituitque</span> <span class='ocrx_word' id='word_1_21' title='bbox 535 491 771 526; x_wconf 78' lang='lat' dir='ltr'>celebrantes</span> <span class='ocrx_word' id='word_1_22' title='bbox 785 496 937 537; x_wconf 66' lang='lat' dir='ltr'>pec-cata</span> <span class='ocrx_word' id='word_1_23' title='bbox 956 491 1075 526; x_wconf 83' lang='lat' dir='ltr'>fateri.</span> 
     </span>
    </p>

    <p class='ocr_par' dir='ltr' id='par_1_6' title="bbox 286 550 1216 655">
     <span class='ocr_line' id='line_1_8' title="bbox 286 550 1216 595; baseline 0.002 -11"><span class='ocrx_word' id='word_1_24' title='bbox 286 550 458 594; x_wconf 77' lang='lat' dir='ltr'><strong>Agricola</strong></span> <span class='ocrx_word' id='word_1_25' title='bbox 476 554 531 584; x_wconf 86' lang='lat' dir='ltr'>est</span> <span class='ocrx_word' id='word_1_26' title='bbox 548 550 721 595; x_wconf 84' lang='lat' dir='ltr'>Isidorus,</span> <span class='ocrx_word' id='word_1_27' title='bbox 741 550 865 585; x_wconf 81' lang='lat' dir='ltr'>adhue</span> <span class='ocrx_word' id='word_1_28' title='bbox 879 561 953 595; x_wconf 87' lang='lat' dir='ltr'>quo</span> <span class='ocrx_word' id='word_1_29' title='bbox 973 551 1104 586; x_wconf 83' lang='lat' dir='ltr'>iustior</span> <span class='ocrx_word' id='word_1_30' title='bbox 1121 551 1216 586; x_wconf 83' lang='lat' dir='ltr'>alter</span> 
     </span>
     <span class='ocr_line' id='line_1_9' title="bbox 288 609 1200 655; baseline 0.001 -11"><span class='ocrx_word' id='word_1_31' title='bbox 288 609 551 655; x_wconf 75' lang='lat' dir='ltr'>Simpliciorve</span> <span class='ocrx_word' id='word_1_32' title='bbox 571 609 638 644; x_wconf 85' lang='lat' dir='ltr'>fuit</span> <span class='ocrx_word' id='word_1_33' title='bbox 657 620 778 655; x_wconf 86' lang='lat' dir='ltr'>nemo,</span> <span class='ocrx_word' id='word_1_34' title='bbox 802 610 892 645; x_wconf 90' lang='lat' dir='ltr'>dum</span> <span class='ocrx_word' id='word_1_35' title='bbox 912 611 1068 655; x_wconf 84' lang='lat' dir='ltr'>viveret,</span> <span class='ocrx_word' id='word_1_36' title='bbox 1088 611 1200 646; x_wconf 90' lang='lat' dir='ltr'>huius</span> 
     </span>
    </p>

    <p class='ocr_par' dir='ltr' id='par_1_7' title="bbox 286 668 1328 1306">
     <span class='ocr_line' id='line_1_10' title="bbox 286 668 1258 714; baseline 0.001 -11"><span class='ocrx_word' id='word_1_37' title='bbox 286 671 327 703; x_wconf 91' lang='lat' dir='ltr'>In</span> <span class='ocrx_word' id='word_1_38' title='bbox 345 668 433 705; x_wconf 88' lang='lat' dir='ltr'>divo</span> <span class='ocrx_word' id='word_1_39' title='bbox 452 668 600 703; x_wconf 88' lang='lat' dir='ltr'>Andrea</span> <span class='ocrx_word' id='word_1_40' title='bbox 619 669 856 714; x_wconf 79' lang='lat' dir='ltr'>requiescere</span> <span class='ocrx_word' id='word_1_41' title='bbox 878 669 1048 704; x_wconf 84' lang='lat' dir='ltr'>membra</span> <span class='ocrx_word' id='word_1_42' title='bbox 1072 669 1258 714; x_wconf 86' lang='lat' dir='ltr'>videntur,</span> 
     </span>
     <span class='ocr_line' id='line_1_11' title="bbox 290 728 1188 774; baseline 0.001 -12"><span class='ocrx_word' id='word_1_43' title='bbox 290 730 436 772; x_wconf 76' lang='lat' dir='ltr'>Integra</span> <span class='ocrx_word' id='word_1_44' title='bbox 452 739 534 773; x_wconf 68' lang='lat' dir='ltr'>qum</span> <span class='ocrx_word' id='word_1_45' title='bbox 556 728 631 763; x_wconf 92' lang='lat' dir='ltr'>vidi</span> <span class='ocrx_word' id='word_1_46' title='bbox 648 729 783 763; x_wconf 84' lang='lat' dir='ltr'>multos</span> <span class='ocrx_word' id='word_1_47' title='bbox 798 733 945 765; x_wconf 86' lang='lat' dir='ltr'>servata</span> <span class='ocrx_word' id='word_1_48' title='bbox 968 739 1036 774; x_wconf 86' lang='lat' dir='ltr'>per</span> <span class='ocrx_word' id='word_1_49' title='bbox 1055 739 1188 764; x_wconf 88' lang='lat' dir='ltr'>annos.</span> 
     </span>
     <span class='ocr_line' id='line_1_12' title="bbox 287 786 1210 832; baseline 0.001 -11"><span class='ocrx_word' id='word_1_50' title='bbox 287 786 504 822; x_wconf 88' lang='lat' dir='ltr'>Marmoreis</span> <span class='ocrx_word' id='word_1_51' title='bbox 518 787 625 831; x_wconf 80' lang='lat' dir='ltr'>Regis</span> <span class='ocrx_word' id='word_1_52' title='bbox 644 787 778 822; x_wconf 91' lang='lat' dir='ltr'>domus</span> <span class='ocrx_word' id='word_1_53' title='bbox 794 792 848 822; x_wconf 84' lang='lat' dir='ltr'>est</span> <span class='ocrx_word' id='word_1_54' title='bbox 866 787 994 822; x_wconf 85' lang='lat' dir='ltr'>innixa</span> <span class='ocrx_word' id='word_1_55' title='bbox 1012 787 1210 832; x_wconf 79' lang='lat' dir='ltr'>columnis,</span> 
     </span>
     <span class='ocr_line' id='line_1_13' title="bbox 286 845 1176 892; baseline 0 -12"><span class='ocrx_word' id='word_1_56' title='bbox 286 846 382 881; x_wconf 89' lang='lat' dir='ltr'>Artis</span> <span class='ocrx_word' id='word_1_57' title='bbox 406 856 500 892; x_wconf 90' lang='lat' dir='ltr'>opus</span> <span class='ocrx_word' id='word_1_58' title='bbox 519 856 621 890; x_wconf 79' lang='lat' dir='ltr'>rarae,</span> <span class='ocrx_word' id='word_1_59' title='bbox 643 845 791 890; x_wconf 81' lang='lat' dir='ltr'>fulgens</span> <span class='ocrx_word' id='word_1_60' title='bbox 811 845 996 880; x_wconf 82' lang='lat' dir='ltr'>testudine</span> <span class='ocrx_word' id='word_1_61' title='bbox 1015 850 1051 881; x_wconf 90' lang='lat' dir='ltr'>et</span> <span class='ocrx_word' id='word_1_62' title='bbox 1071 856 1176 881; x_wconf 89' lang='lat' dir='ltr'>auro.</span> 
     </span>
     <span class='ocr_line' id='line_1_14' title="bbox 289 904 1269 951; baseline 0.001 -12"><span class='ocrx_word' id='word_1_63' title='bbox 289 908 382 940; x_wconf 79' lang='lat' dir='ltr'>Sunt</span> <span class='ocrx_word' id='word_1_64' title='bbox 396 915 551 940; x_wconf 86' lang='lat' dir='ltr'>nemora</span> <span class='ocrx_word' id='word_1_65' title='bbox 569 909 655 939; x_wconf 84' lang='lat' dir='ltr'>ante</span> <span class='ocrx_word' id='word_1_66' title='bbox 673 905 792 951; x_wconf 85' lang='lat' dir='ltr'>ipsam</span> <span class='ocrx_word' id='word_1_67' title='bbox 812 915 936 940; x_wconf 77' lang='lat' dir='ltr'>sacros</span> <span class='ocrx_word' id='word_1_68' title='bbox 955 905 1136 940; x_wconf 80' lang='lat' dir='ltr'>imitantia</span> <span class='ocrx_word' id='word_1_69' title='bbox 1154 904 1269 949; x_wconf 87' lang='lat' dir='ltr'>lucos,</span> 
     </span>
     <span class='ocr_line' id='line_1_15' title="bbox 288 963 1328 1009; baseline 0.002 -11"><span class='ocrx_word' id='word_1_70' title='bbox 288 964 532 1008; x_wconf 81' lang='lat' dir='ltr'>Cornigerum</span> <span class='ocrx_word' id='word_1_71' title='bbox 551 963 590 998; x_wconf 93' lang='lat' dir='ltr'>in</span> <span class='ocrx_word' id='word_1_72' title='bbox 609 964 748 1008; x_wconf 86' lang='lat' dir='ltr'>quibus</span> <span class='ocrx_word' id='word_1_73' title='bbox 767 968 821 998; x_wconf 91' lang='lat' dir='ltr'>est</span> <span class='ocrx_word' id='word_1_74' title='bbox 839 974 1038 1000; x_wconf 80' lang='lat' dir='ltr'>cervorum</span> <span class='ocrx_word' id='word_1_75' title='bbox 1058 963 1167 1009; x_wconf 79' lang='lat' dir='ltr'>copia</span> <span class='ocrx_word' id='word_1_76' title='bbox 1180 973 1328 1008; x_wconf 84' lang='lat' dir='ltr'>magna.</span> 
     </span>
     <span class='ocr_line' id='line_1_16' title="bbox 286 1022 1269 1068; baseline 0 -11"><span class='ocrx_word' id='word_1_77' title='bbox 286 1025 347 1058; x_wconf 88' lang='lat' dir='ltr'>Sat</span> <span class='ocrx_word' id='word_1_78' title='bbox 367 1023 444 1067; x_wconf 85' lang='lat' dir='ltr'>tibi,</span> <span class='ocrx_word' id='word_1_79' title='bbox 464 1027 520 1058; x_wconf 86' lang='lat' dir='ltr'>sat</span> <span class='ocrx_word' id='word_1_80' title='bbox 537 1032 673 1067; x_wconf 83' lang='lat' dir='ltr'>magna</span> <span class='ocrx_word' id='word_1_81' title='bbox 687 1026 723 1057; x_wconf 87' lang='lat' dir='ltr'>et</span> <span class='ocrx_word' id='word_1_82' title='bbox 743 1027 860 1057; x_wconf 88' lang='lat' dir='ltr'>totum</span> <span class='ocrx_word' id='word_1_83' title='bbox 880 1023 1034 1067; x_wconf 79' lang='lat' dir='ltr'>vulgata</span> <span class='ocrx_word' id='word_1_84' title='bbox 1051 1032 1119 1068; x_wconf 89' lang='lat' dir='ltr'>per</span> <span class='ocrx_word' id='word_1_85' title='bbox 1136 1022 1269 1057; x_wconf 87' lang='lat' dir='ltr'>orbem</span> 
     </span>
     <span class='ocr_line' id='line_1_17' title="bbox 289 1081 1258 1116; baseline 0 0"><span class='ocrx_word' id='word_1_86' title='bbox 289 1081 546 1116; x_wconf 86' lang='lat' dir='ltr'>Fundamenta</span> <span class='ocrx_word' id='word_1_87' title='bbox 564 1081 698 1116; x_wconf 88' lang='lat' dir='ltr'>domus</span> <span class='ocrx_word' id='word_1_88' title='bbox 716 1091 822 1116; x_wconf 75' lang='lat' dir='ltr'>sacer</span> <span class='ocrx_word' id='word_1_89' title='bbox 840 1081 905 1116; x_wconf 89' lang='lat' dir='ltr'>ille</span> <span class='ocrx_word' id='word_1_90' title='bbox 924 1086 960 1116; x_wconf 88' lang='lat' dir='ltr'>et</span> <span class='ocrx_word' id='word_1_91' title='bbox 977 1081 1133 1116; x_wconf 91' lang='lat' dir='ltr'>numine</span> <span class='ocrx_word' id='word_1_92' title='bbox 1151 1081 1258 1116; x_wconf 91' lang='lat' dir='ltr'>nullo</span> 
     </span>
     <span class='ocr_line' id='line_1_18' title="bbox 288 1140 1243 1186; baseline -0.001 -10"><span class='ocrx_word' id='word_1_93' title='bbox 288 1141 446 1177; x_wconf 86' lang='lat' dir='ltr'>Inferior</span> <span class='ocrx_word' id='word_1_94' title='bbox 458 1141 621 1185; x_wconf 88' lang='lat' dir='ltr'>Carolus,</span> <span class='ocrx_word' id='word_1_95' title='bbox 641 1141 718 1186; x_wconf 85' lang='lat' dir='ltr'>tibi,</span> <span class='ocrx_word' id='word_1_96' title='bbox 734 1151 869 1185; x_wconf 81' lang='lat' dir='ltr'>magne</span> <span class='ocrx_word' id='word_1_97' title='bbox 884 1140 1067 1186; x_wconf 86' lang='lat' dir='ltr'>Philippe‚</span> <span class='ocrx_word' id='word_1_98' title='bbox 1088 1140 1243 1186; x_wconf 82' lang='lat' dir='ltr'>paravit:</span> 
     </span>
     <span class='ocr_line' id='line_1_19' title="bbox 288 1199 1265 1244; baseline -0.001 -9"><span class='ocrx_word' id='word_1_99' title='bbox 288 1203 389 1236; x_wconf 87' lang='lat' dir='ltr'>Hane</span> <span class='ocrx_word' id='word_1_100' title='bbox 403 1201 540 1235; x_wconf 89' lang='lat' dir='ltr'>etenim</span> <span class='ocrx_word' id='word_1_101' title='bbox 558 1200 675 1235; x_wconf 85' lang='lat' dir='ltr'>fertur</span> <span class='ocrx_word' id='word_1_102' title='bbox 692 1201 799 1235; x_wconf 86' lang='lat' dir='ltr'>terris</span> <span class='ocrx_word' id='word_1_103' title='bbox 818 1200 936 1244; x_wconf 80' lang='lat' dir='ltr'>magis</span> <span class='ocrx_word' id='word_1_104' title='bbox 955 1199 1131 1235; x_wconf 89' lang='lat' dir='ltr'>omnibus</span> <span class='ocrx_word' id='word_1_105' title='bbox 1151 1210 1265 1234; x_wconf 89' lang='lat' dir='ltr'>unam</span> 
     </span>
     <span class='ocr_line' id='line_1_20' title="bbox 288 1259 1090 1306; baseline -0.004 -9"><span class='ocrx_word' id='word_1_106' title='bbox 288 1262 500 1297; x_wconf 83' lang='lat' dir='ltr'>Posthabito</span> <span class='ocrx_word' id='word_1_107' title='bbox 515 1261 676 1297; x_wconf 72' lang='lat' dir='ltr'>coluisse</span> <span class='ocrx_word' id='word_1_108' title='bbox 693 1261 847 1306; x_wconf 85' lang='lat' dir='ltr'>antiquo</span> <span class='ocrx_word' id='word_1_109' title='bbox 861 1259 1090 1295; x_wconf 84' lang='lat' dir='ltr'>Vallisoleto.</span> 
     </span>
    </p>

    <p class='ocr_par' dir='ltr' id='par_1_8' title="bbox 284 1319 1276 1543">
     <span class='ocr_line' id='line_1_21' title="bbox 285 1319 1137 1367; baseline -0.002 -11"><span class='ocrx_word' id='word_1_110' title='bbox 285 1321 352 1356; x_wconf 89' lang='lat' dir='ltr'>Ille</span> <span class='ocrx_word' id='word_1_111' title='bbox 372 1331 508 1367; x_wconf 84' lang='lat' dir='ltr'>parens</span> <span class='ocrx_word' id='word_1_112' title='bbox 523 1330 635 1356; x_wconf 88' lang='lat' dir='ltr'>verus</span> <span class='ocrx_word' id='word_1_113' title='bbox 656 1320 795 1366; x_wconf 59' lang='lat' dir='ltr'>patrue,</span> <span class='ocrx_word' id='word_1_114' title='bbox 815 1324 852 1354; x_wconf 89' lang='lat' dir='ltr'>tu</span> <span class='ocrx_word' id='word_1_115' title='bbox 872 1319 985 1365; x_wconf 87' lang='lat' dir='ltr'>patris</span> <span class='ocrx_word' id='word_1_116' title='bbox 1003 1319 1137 1363; x_wconf 85' lang='lat' dir='ltr'>imago,</span> 
     </span>
     <span class='ocr_line' id='line_1_22' title="bbox 286 1377 1276 1424; baseline -0.003 -9"><span class='ocrx_word' id='word_1_117' title='bbox 286 1379 487 1415; x_wconf 85' lang='lat' dir='ltr'>Lusiadum</span> <span class='ocrx_word' id='word_1_118' title='bbox 505 1389 609 1414; x_wconf 89' lang='lat' dir='ltr'>arma</span> <span class='ocrx_word' id='word_1_119' title='bbox 628 1378 699 1413; x_wconf 85' lang='lat' dir='ltr'>tuis</span> <span class='ocrx_word' id='word_1_120' title='bbox 716 1378 925 1424; x_wconf 85' lang='lat' dir='ltr'>suspendes</span> <span class='ocrx_word' id='word_1_121' title='bbox 943 1382 1051 1424; x_wconf 80' lang='lat' dir='ltr'>capta</span> <span class='ocrx_word' id='word_1_122' title='bbox 1076 1377 1276 1423; x_wconf 80' lang='lat' dir='ltr'>triumphis</span> 
     </span>
     <span class='ocr_line' id='line_1_23' title="bbox 286 1437 1184 1484; baseline -0.004 -9"><span class='ocrx_word' id='word_1_123' title='bbox 286 1442 536 1484; x_wconf 84' lang='lat' dir='ltr'>Paeatumque</span> <span class='ocrx_word' id='word_1_124' title='bbox 555 1438 652 1482; x_wconf 82' lang='lat' dir='ltr'>regis</span> <span class='ocrx_word' id='word_1_125' title='bbox 671 1438 799 1483; x_wconf 92' lang='lat' dir='ltr'>patriis</span> <span class='ocrx_word' id='word_1_126' title='bbox 819 1437 1020 1474; x_wconf 80' lang='lat' dir='ltr'>virtutibus</span> <span class='ocrx_word' id='word_1_127' title='bbox 1038 1437 1184 1475; x_wconf 81' lang='lat' dir='ltr'>orbem.</span> 
     </span>
     <span class='ocr_line' id='line_1_24' title="bbox 284 1495 1138 1543; baseline -0.002 -9"><span class='ocrx_word' id='word_1_128' title='bbox 284 1501 368 1534; x_wconf 86' lang='lat' dir='ltr'>Tota</span> <span class='ocrx_word' id='word_1_129' title='bbox 384 1498 518 1533; x_wconf 88' lang='lat' dir='ltr'>domus</span> <span class='ocrx_word' id='word_1_130' title='bbox 531 1497 670 1543; x_wconf 80' lang='lat' dir='ltr'>gaudet</span> <span class='ocrx_word' id='word_1_131' title='bbox 684 1497 799 1541; x_wconf 83' lang='lat' dir='ltr'>regali</span> <span class='ocrx_word' id='word_1_132' title='bbox 814 1495 1015 1542; x_wconf 90' lang='lat' dir='ltr'>splendida</span> <span class='ocrx_word' id='word_1_133' title='bbox 1031 1506 1138 1540; x_wconf 84' lang='lat' dir='ltr'>gaza.</span> 
     </span>
    </p>

    <p class='ocr_par' dir='ltr' id='par_1_9' title="bbox 287 1555 1160 1604">
     <span class='ocr_line' id='line_1_25' title="bbox 287 1555 1160 1604; baseline -0.005 -10"><span class='ocrx_word' id='word_1_134' title='bbox 287 1560 345 1594; x_wconf 85' lang='lat' dir='ltr'>Est</span> <span class='ocrx_word' id='word_1_135' title='bbox 363 1559 476 1595; x_wconf 84' lang='lat' dir='ltr'>vestis</span> <span class='ocrx_word' id='word_1_136' title='bbox 495 1558 626 1604; x_wconf 82' lang='lat' dir='ltr'>priscis</span> <span class='ocrx_word' id='word_1_137' title='bbox 640 1557 837 1592; x_wconf 90' lang='lat' dir='ltr'>hominum</span> <span class='ocrx_word' id='word_1_138' title='bbox 855 1555 997 1591; x_wconf 83' lang='lat' dir='ltr'>variata</span> <span class='ocrx_word' id='word_1_139' title='bbox 1020 1555 1160 1600; x_wconf 85' lang='lat' dir='ltr'>figuris,</span> 
     </span>
    </p>

    <p class='ocr_par' dir='ltr' id='par_1_10' title="bbox 288 1614 1112 1661">
     <span class='ocr_line' id='line_1_26' title="bbox 288 1614 1112 1661; baseline -0.004 -9"><span class='ocrx_word' id='word_1_140' title='bbox 288 1620 377 1661; x_wconf 75' lang='lat' dir='ltr'>Quae</span> <span class='ocrx_word' id='word_1_141' title='bbox 397 1617 555 1652; x_wconf 91' lang='lat' dir='ltr'>heroum</span> <span class='ocrx_word' id='word_1_142' title='bbox 575 1616 668 1651; x_wconf 89' lang='lat' dir='ltr'>mira</span> <span class='ocrx_word' id='word_1_143' title='bbox 686 1616 841 1652; x_wconf 86' lang='lat' dir='ltr'>virtutes</span> <span class='ocrx_word' id='word_1_144' title='bbox 864 1614 1004 1650; x_wconf 88' lang='lat' dir='ltr'>indicat</span> <span class='ocrx_word' id='word_1_145' title='bbox 1021 1619 1112 1649; x_wconf 84' lang='lat' dir='ltr'>arte.</span> 
     </span>
    </p>

    <p class='ocr_par' dir='ltr' id='par_1_11' title="bbox 286 1673 1196 1780">
     <span class='ocr_line' id='line_1_27' title="bbox 288 1673 1082 1722; baseline -0.005 -10"><span class='ocrx_word' id='word_1_146' title='bbox 288 1679 381 1712; x_wconf 82' lang='lat' dir='ltr'>Sunt</span> <span class='ocrx_word' id='word_1_147' title='bbox 395 1681 430 1711; x_wconf 90' lang='lat' dir='ltr'>et</span> <span class='ocrx_word' id='word_1_148' title='bbox 447 1676 602 1722; x_wconf 62' lang='lat' dir='ltr'>pictura*</span> <span class='ocrx_word' id='word_1_149' title='bbox 617 1676 828 1720; x_wconf 81' lang='lat' dir='ltr'>Belgarum,</span> <span class='ocrx_word' id='word_1_150' title='bbox 845 1674 966 1719; x_wconf 82' lang='lat' dir='ltr'>gloria</span> <span class='ocrx_word' id='word_1_151' title='bbox 979 1673 1082 1718; x_wconf 81' lang='lat' dir='ltr'>secli,</span> 
     </span>
     <span class='ocr_line' id='line_1_28' title="bbox 286 1733 1196 1780; baseline -0.003 -9"><span class='ocrx_word' id='word_1_152' title='bbox 286 1736 479 1772; x_wconf 86' lang='lat' dir='ltr'>Artificum</span> <span class='ocrx_word' id='word_1_153' title='bbox 496 1735 670 1770; x_wconf 83' lang='lat' dir='ltr'>manibus</span> <span class='ocrx_word' id='word_1_154' title='bbox 684 1734 804 1778; x_wconf 72' lang='lat' dir='ltr'>faetae,</span> <span class='ocrx_word' id='word_1_155' title='bbox 820 1733 996 1780; x_wconf 82' lang='lat' dir='ltr'>cupiente</span> <span class='ocrx_word' id='word_1_156' title='bbox 1012 1733 1196 1780; x_wconf 88' lang='lat' dir='ltr'>Philippo,</span> 
     </span>
    </p>

    <p class='ocr_par' dir='ltr' id='par_1_12' title="bbox 286 1793 1287 1902">
     <span class='ocr_line' id='line_1_29' title="bbox 288 1793 1076 1842; baseline -0.005 -10"><span class='ocrx_word' id='word_1_157' title='bbox 288 1799 328 1832; x_wconf 85' lang='lat' dir='ltr'>Et</span> <span class='ocrx_word' id='word_1_158' title='bbox 347 1797 455 1842; x_wconf 82' lang='lat' dir='ltr'>Regis</span> <span class='ocrx_word' id='word_1_159' title='bbox 473 1795 576 1831; x_wconf 78' lang='lat' dir='ltr'>dulei</span> <span class='ocrx_word' id='word_1_160' title='bbox 594 1799 764 1831; x_wconf 83' lang='lat' dir='ltr'>cantores</span> <span class='ocrx_word' id='word_1_161' title='bbox 782 1804 876 1830; x_wconf 83' lang='lat' dir='ltr'>voce</span> <span class='ocrx_word' id='word_1_162' title='bbox 893 1793 1076 1829; x_wconf 77' lang='lat' dir='ltr'>sacellum</span> 
     </span>
     <span class='ocr_line' id='line_1_30' title="bbox 286 1852 1287 1902; baseline -0.004 -10"><span class='ocrx_word' id='word_1_163' title='bbox 286 1858 474 1893; x_wconf 87' lang='lat' dir='ltr'>Exornant</span> <span class='ocrx_word' id='word_1_164' title='bbox 491 1855 613 1902; x_wconf 78' lang='lat' dir='ltr'>Belgae</span> <span class='ocrx_word' id='word_1_165' title='bbox 632 1865 701 1890; x_wconf 86' lang='lat' dir='ltr'>nee</span> <span class='ocrx_word' id='word_1_166' title='bbox 721 1854 882 1890; x_wconf 85' lang='lat' dir='ltr'>habetur</span> <span class='ocrx_word' id='word_1_167' title='bbox 900 1853 938 1889; x_wconf 90' lang='lat' dir='ltr'>in</span> <span class='ocrx_word' id='word_1_168' title='bbox 957 1852 1049 1889; x_wconf 87' lang='lat' dir='ltr'>orbe</span> <span class='ocrx_word' id='word_1_169' title='bbox 1066 1852 1287 1895; x_wconf 62' lang='lat' dir='ltr'>secundum</span> 
     </span>
    </p>
   </div>
  </div>
 </body>
</html>
