1414 2333
652 245 754 272 ,35
784 260 817 263 --

306 310 458 351 1·iosuin;
478 310 573 345 solet
591 310 691 345 enirn
717 310 942 356 plerumque
966 310 1159 346 curiositas

306 379 388 404 esse
406 369 546 411 odiosa,
572 370 693 404 amica
712 374 835 404 tamen
861 370 1065 405 admonitio
1084 380 1159 417 non

306 429 550 474 improbatur.
577 429 666 464 Huic
692 439 760 473 ego
785 429 1010 475 respondeo:
1038 434 1158 475 poeta-

305 498 389 523 rum
408 492 444 522 et
460 487 721 523 historicorum
742 488 904 523 maxime
923 499 1004 523 esse
1023 499 1159 523 munus

305 547 502 582 hominum
529 548 693 583 actiones
724 549 914 583 memoria}
945 548 1091 583 tradere
1124 553 1160 582 et

305 618 438 643 revera
466 607 641 642 humana·r
671 609 756 644 vitae
775 608 978 652 imaginem
996 618 1082 642 eum
1101 607 1159 642 de·

305 667 502 702 lectatione
544 667 706 712 quadani
756 668 979 713 exprimere.
1031 669 1161 712 Neque

305 726 406 761 enim
421 726 551 761 dubito
570 727 706 762 multos
721 731 806 762 ante
821 737 881 761 me
895 726 934 761 in
949 726 1160 761 describen-

305 786 353 820 da
389 787 537 820 Mantua
574 787 779 831 Carpetana
813 786 995 832 praeclare
1028 786 1160 831 egisse,

305 855 380 880 non
399 849 524 880 tamen
553 855 649 880 unus
669 845 795 880 omnia
818 856 888 880 neo
913 845 1046 881 eodem
1076 845 1160 880 loco

303 909 367 939 aut
396 909 565 950 tempore
590 904 774 949 observat,
808 915 931 950 neque
961 904 1030 939 erit
1062 904 1161 939 liber

303 968 366 998 aut
384 973 537 998 carmen
555 974 599 998 ex
619 964 725 998 cuius
750 963 910 998 lectione
929 973 1005 998 non
1023 963 1159 1009 aliquis

303 1023 458 1058 omnino
473 1022 615 1058 fruetus
631 1023 872 1068 percipiatur.
895 1023 932 1057 Si
951 1023 1074 1068 turpia
1095 1023 1158 1060 vel

303 1082 469 1123 obscena
486 1082 659 1127 quandam
679 1082 794 1116 risum
825 1082 1015 1117 moventia
1034 1092 1158 1117 occur-

304 1146 398 1186 rant,
426 1141 611 1176 historicae
637 1141 782 1178 veritati
807 1141 1051 1176 tribuendum
1077 1152 1159 1176 een-

303 1211 378 1246 seo,
413 1212 496 1246 quae
537 1201 745 1236 scribentes
779 1212 800 1236 a
833 1211 947 1246 scopo
981 1201 1159 1236 aberrare

305 1260 460 1296 minime
489 1261 638 1306 patitur3
669 1271 794 1306 neque
829 1261 929 1295 enim
962 1265 1157 1306 poetarum

304 1320 365 1356 vel
402 1320 665 1355 historicorum
697 1325 752 1355 est
777 1320 936 1365 animus,
966 1325 1006 1356 ut
1036 1320 1158 1366 turpia

302 1380 460 1415 lectores
491 1380 694 1425 imitentur,
721 1379 803 1424 sed,
835 1380 941 1415 sicuti
973 1380 1100 1426 Scylla
1123 1385 1159 1415 et

302 1439 509 1484 charibdis,
529 1439 576 1474 ab
597 1439 775 1474 omnibus
804 1449 957 1485 prorsus
981 1439 1156 1476 vitentur.

301 1499 401 1544 Ignis
420 1499 520 1534 enim
542 1502 578 1533 et
607 1509 704 1544 aqua
734 1499 846 1534 etiam
876 1499 1079 1544 aliquando
1098 1509 1157 1534 no—

301 1563 397 1603 cent,
412 1569 486 1593 non
506 1563 631 1593 tamen
648 1558 692 1594 iis
710 1563 909 1604 propterea
923 1558 1156 1594 abutendum

300 1623 372 1662 est,
408 1628 478 1653 neo
520 1622 606 1652 sunt
642 1618 795 1653 omnino
831 1618 1156 1664 reprehendenda,

300 1678 438 1722 quibus
466 1677 563 1711 hene
594 1677 647 1712 uti
677 1688 891 1723 possumus.
924 1679 997 1722 Ego
1031 1683 1155 1713 autem

300 1742 496 1782 poetarum
527 1741 563 1770 et
585 1736 849 1771 historicorum
876 1736 1064 1780 minimus,
1093 1737 1155 1773 vel

300 1796 422 1845 potius
443 1796 581 1840 nullus,
610 1796 761 1841 ingenio
793 1797 894 1831 tenui
920 1801 956 1832 et
986 1795 1156 1833 doctrina
