1414 2333
694 264 736 269 „-
767 251 807 279 4ss
838 265 879 269 -.

190 318 250 351 100
301 316 421 360 Atque
440 314 509 351 viri
531 314 689 359 imponit
707 315 843 349 coniux
861 314 936 350 duo
955 325 1098 350 cornua
1121 311 1247 354 fronti.

302 373 524 418 Coniugium
542 377 661 418 vocat,
682 373 753 408 hoc
771 374 945 420 proetexit
963 374 1116 409 nomine
1129 374 1293 421 culpam.

301 434 382 468 Non
400 443 506 468 soror
520 432 581 467 hic
599 432 741 467 habitat
768 433 902 477 munbi,
923 444 997 468 non
1017 435 1122 469 Vesta
1137 433 1324 479 sacerdos,

302 491 375 526 Sed
394 493 515 526 Venus
533 491 644 536 alma,
663 491 805 537 Cupido
825 492 942 527 oculis
962 497 998 527 et
1014 503 1135 528 cst-cus
1159 503 1298 528 amore.

303 550 394 585 Huic
415 550 577 585 bellator
594 561 710 595 eques
728 556 833 596 prato
853 561 935 586 sese
953 551 1094 587 arduus
1114 552 1227 587 infert

185 614 249 645 sto-25
302 609 620 655 Quadrupedante
638 609 809 646 invectus
825 620 922 655 equo
939 610 1196 656 gradibusque
1213 611 1343 654 citatis;

302 670 378 703 Stat
392 669 554 714 sonipes,
573 679 641 704 sua
659 668 764 704 frena
781 669 884 704 ferox
904 670 1116 716 spumantia
1135 670 1324 706 mordens.

303 729 494 764 Nobilium
514 729 576 764 hic
590 729 697 775 pueri
719 733 754 764 et
772 729 952 775 primoevo
972 729 1064 764 ssorc
1086 729 1262 766 iuventus

315 790 565 824 Excercentur
586 789 692 834 equis
711 789 968 834 domitantque
984 789 1021 824 in
1041 789 1200 835 pulvere
1216 789 1327 831 vires,

301 848 339 882 Si
358 848 441 893 quis
461 858 523 883 eos
543 848 685 883 celeres
705 848 830 894 cupiat
844 859 1085 894 compescere
1104 848 1210 884 freno

185 911 250 943 llO
302 909 373 942 Aut
399 907 491 943 velit
505 907 645 942 effusas
663 907 777 942 tardis
801 907 1018 953 permittere
1036 907 1204 943 habenas

301 967 341 1001 Et
359 966 493 1001 docilis
513 966 622 1001 discit
637 967 752 1011 virgis
771 966 917 1002 calcare
937 967 1118 1003 caballus,

302 1025 535 1072 prospiciens
553 1026 653 1060 Titan
674 1025 841 1062 medium
865 1036 939 1071 quo
961 1031 1128 1072 tempore
1147 1026 1249 1062 ducit

301 1087 341 1119 In
360 1088 487 1119 nostra
505 1084 640 1119 tellure
659 1084 771 1129 diem,
791 1085 888 1120 bene
910 1085 1009 1120 culta
1027 1095 1096 1131 per
1113 1096 1204 1122 arva

301 1145 458 1179 Flumen
481 1144 559 1179 abit
577 1144 779 1190 placidum,
799 1144 912 1180 Toleti
928 1145 1191 1191 praetereundo

184 1209 196 1239 4
213 1208 249 1239 15
303 1207 465 1248 Pontem,
487 1204 593 1239 ouius
612 1214 728 1249 aquas
745 1206 862 1249 Tagus
876 1204 1017 1239 aurifer
1034 1204 1185 1240 imbibit
1197 1215 1342 1241 omnes.

300 1265 363 1297 Ast
383 1263 520 1298 fluvius
537 1263 674 1307 gaudet
694 1263 918 1308 cognomine
937 1264 1190 1308 Mancenares,

300 1321 462 1358 Pomifer
475 1327 510 1357 et
524 1322 682 1357 domitas
698 1322 800 1358 vnda
815 1322 998 1359 convertit
1013 1333 1156 1368 arenas,

299 1382 424 1417 Foelix
443 1386 478 1417 et
495 1392 693 1417 nemorum
713 1386 748 1416 et
766 1382 851 1418 vitae
869 1381 1082 1416 laudandus
1104 1392 1231 1428 opaca}

299 1441 364 1476 Hic
389 1441 490 1486 regio
509 1440 547 1476 in
566 1440 713 1486 patulos
738 1440 909 1475 exultans
928 1441 1064 1475 emicat
1081 1451 1189 1485 agros

183 1505 249 1537 420
301 1501 536 1544 Fructiferos,
555 1500 593 1534 ni
612 1510 687 1535 non
703 1499 848 1535 scindat
861 1500 964 1535 canis
982 1500 1120 1535 aestifer
1132 1499 1232 1535 illos.

301 1562 393 1595 Sunt
408 1560 503 1596 vites
522 1559 677 1604 Baccho,
697 1564 784 1594 sunt
800 1559 897 1594 horti
917 1559 955 1594 in
977 1559 1144 1594 fluminis
1162 1569 1237 1603 ora,

227 1661 304 1693 (108)
354 1660 592 1698 Domilanlque.
611 1661 671 1689 ΜΞ.
689 1659 933 1698 [Ιονφηὶίαηίᾳιιε.

228 1709 303 1741 (112)
363 1707 524 1745 Τινψονθ.
541 1709 601 1735 Ms.
624 1708 775 1745 tempora.

226 1756 303 1789 (119)
353 1756 405 1783 En
426 1758 497 1784 este
518 1764 614 1783 verso
638 1765 682 1783 no
706 1756 787 1783 eabe
813 1755 847 1783 la
867 1755 1009 1790 palabra
1026 1754 1123 1791 reqio,
1142 1763 1206 1791 que
1225 1753 1302 1784 sera.
1324 1763 1392 1783 una

179 1803 420 1840 equivocacion
439 1803 478 1831 de
497 1804 587 1832 Cock
605 1804 638 1832 al
656 1803 855 1831 transm-thir
873 1811 911 1830 su
929 1811 1060 1839 poema.
